3138 5044
1187 321 1275 378 om

115 475 241 532 marim.
264 477 347 548 Igitur
358 475 470 542 Tebeth,
481 476 536 531 ciue
549 495 574 530 x.
586 475 684 532 mencio
695 477 754 532 iniit
764 477 827 533 Dec.
836 495 909 533 xxrr.
931 475 1005 532 Unde
1017 475 1129 532 Ianuarii
1140 495 1165 531 v.
1177 475 1276 532 Tebetlr

115 561 171 616 diee
184 567 241 616 erat
251 581 322 628 nnc,
339 569 415 616 eexto
427 577 488 616 vero
500 563 553 616 Ian.
564 581 617 618 arv.
652 563 682 616 ln
695 579 745 632 quo
758 562 844 628 rides,
860 563 886 616 id
902 563 971 633 quod
988 561 1123 616 memorre
1135 568 1225 616 nostra
1235 579 1275 616 re·

114 649 255 718 promittit,
270 647 378 702 biduum
389 648 443 702 iero
454 650 507 702 iam
520 649 674 719 anticipasse
685 649 850 702 neomeniam
867 647 982 713 ciuilem,
999 664 1059 702 curu
1075 647 1182 702 dimidia
1192 649 1275 720 perio·

113 733 164 786 dus
176 731 331 789 effinxieeet.
353 733 421 788 Nam
432 751 449 786 a
461 753 532 788 τινι.
544 733 608 796 Dec,
618 733 650 786 ad
663 751 735 788 mv.
745 735 901 788 retrocessit
922 733 1006 798 Quare
1018 734 1059 786 vel
1070 732 1112 786 hic
1124 750 1191 788 unua
1202 734 1275 788 locon

113 817 229 871 ostendit
239 835 287 872 noe
298 835 352 890 per.
364 820 436 874 illam
447 819 480 872 ed
491 819 628 890 Epiphnuii
645 820 758 874 rationes
774 817 949 890 εὐστοχώτατοι
961 819 1109 890 digessisse
1132 819 1197 874 Vide
1207 819 1277 874 inira

112 903 140 956 iu
153 903 200 957 illa
210 904 327 958 Diatribn
338 904 370 958 de
382 905 505 958 Paeelone
516 905 629 960 Domini.
944 949 945 958 ,

182 988 251 1040 Κατὰ
262 987 403 1056 Ἀθηναίους
415 986 654 1062 Μαιμοοιτηριῶνος]
689 990 837 1044 Ianuarium
849 989 1020 1044 Athenienses
1030 990 1277 1047 Muemueteriouem

110 1081 247 1128 uocarunt
266 1075 340 1140 Quod
350 1077 455 1146 nequis
467 1093 551 1130 erroro
559 1076 765 1130 librariiiactum
773 1081 859 1147 putet,
871 1076 1015 1130 affirmatur
1027 1093 1060 1130 ex
1073 1093 1105 1130 eo
1117 1077 1186 1146 quod
1197 1078 1276 1148 paulo

111 1159 307 1230 postNoremb.
316 1162 532 1232 Metagitnionem
544 1162 666 1234 appellat.
684 1161 732 1214 liet
740 1167 827 1215 autem
836 1161 877 1215 hic
886 1163 960 1216 locue
972 1161 1005 1216 ad
1013 1162 1092 1216 Attici
1103 1163 1178 1226 anni,
1190 1163 1276 1216 cuiue·

111 1247 184 1300 modi
192 1263 240 1316 per
251 1247 295 1301 illa
304 1253 422 1318 tempora
430 1247 492 1312 fuit,
505 1263 535 1300 ac
547 1247 679 1300 mensium
689 1247 883 1318 dispositionem
892 1248 1088 1316 intelligendam
1097 1248 1277 1302 observatione

110 1331 292 1402 dignissimus.
310 1332 426 1386 Primum
438 1333 508 1389 enim
519 1334 631 1386 solarem
642 1349 741 1386 annum
752 1333 833 1386 iuieeo
846 1333 919 1386 docet
929 1349 1072 1387 concensus
1080 1333 1276 1388 Maemacterio-

111 1419 151 1472 nis
165 1434 227 1472 cum
238 1419 368 1472 Ianuario.
393 1417 444 1471 Sed
455 1418 595 1472 videndum
606 1418 737 1488 quodnam
750 1419 812 1472 anni
823 1425 901 1489 caput
911 1419 996 1472 inerit
1018 1418 1120 1472 Primus
1131 1418 1277 1472 Atticorum

111 1504 243 1557 mensium
260 1503 469 1557 Hecatombaeon
486 1503 549 1568 iuit;
566 1519 583 1556 a
600 1519 664 1573 quo,
682 1505 705 1556 si
718 1503 802 1558 Gazae
820 1503 961 1568 credimus,
979 1509 1087 1573 quartus
1105 1509 1146 1556 eet
1159 1505 1275 1558 Maema-

110 1589 227 1654 cterion,
245 1589 377 1659 Scaligero
389 1605 450 1642 vero
463 1589 578 1659 quintus.
603 1587 691 1641 Utriue
702 1590 787 1642 verior
798 1589 884 1659 opinio
897 1589 932 1641 eit
941 1587 990 1641 hoc
1002 1590 1060 1642 loco
1073 1588 1274 1658 disquirendum.

110 1673 167 1728 Duo
179 1676 210 1728 in
223 1675 385 1728 ordinatione
396 1675 527 1728 mensium
540 1673 625 1727 (imae
638 1678 721 1726 errata
733 1674 837 1744 corrigit
848 1673 976 1743 Scaliger:
1001 1674 1110 1727 alterum
1123 1675 1193 1744 quod
1204 1675 1275 1728 ldae-

110 1767 187 1812 mact
209 1778 245 1815 ιν.
273 1761 330 1813 loco
355 1761 474 1831 posuerit
498 1760 574 1828 eiquo
595 1759 802 1829 Pyanepeionem
824 1759 974 1824 subiecerit,
996 1759 1106 1812 alterum
1131 1759 1201 1829 quod
1222 1760 1275 1812 An-

108 1843 297 1900 tdeeterionem
321 1851 382 1916 poet
406 1845 613 1915 Pyanepsionem
635 1845 811 1908 collocaverit,
836 1843 949 1898 instante
970 1845 1024 1897 iam
1046 1842 1138 1898 hieme.
1178 1843 1276 1898 Contra

109 1945 177 1999 quae
200 1930 318 2000 Scaliger
342 1929 567 1984 Antheeteriouom
592 1945 702 1984 vernum
721 1945 838 1983 mensem
861 1945 919 1982 ease
947 1935 974 1982 et
1002 1929 1064 1999 peric
1085 1931 1196 2000 χειμῶνα
1222 1935 1274 1982 etu-

108 2017 170 2080 tuit,
188 2015 260 2068 unde
276 2021 336 2087 poet
353 2014 501 2085 Γαμηλιῶνι
518 2015 665 2080 constituit,
683 2015 927 2069 Maemacterionem
944 2031 1005 2068 roro
1022 2015 1205 2086 praecipitanti
1222 2016 1275 2070 iam

108 2105 238 2154 autumno
257 2101 360 2165 tribuit,
377 2102 496 2170 quintum
513 2101 602 2154 ordine
618 2106 644 2154 et
660 2117 677 2154 a
691 2099 870 2171 Pyanopeione
885 2101 1042 2171 proximum.
1066 2099 1206 2171 Utriusque
1216 2117 1274 2156 een·

108 2187 220 2251 tonnae,
234 2191 262 2240 ut
274 2203 291 2239 a
302 2187 397 2240 lectore
408 2187 511 2242 facilius
522 2187 687 2259 percipiatur,
698 2187 852 2242 laterculum
864 2187 1029 2242 subiecimus.

465 2397 920 2465 mnueusnunron

1127 2637 1274 2649 ----——

345 2717 438 2789 Oeprvol
948 2717 1042 2788 Oepwol

105 2817 300 2890 Ἐκατομβαιὼν
718 2819 904 2890 Ἐκατομβαιὼν

104 2905 289 2976 Μεταγειτνιών
718 2905 895 2976 Μεταγειτνιών

105 2989 271 3062 Βοηδρομιὼν
717 2989 877 3064 Βοηδρομιὼν

324 3143 457 3218 Ὀπωρινοί
928 3143 1061 3216 Ὀποιρινοί

103 3249 146 3302 Μα
179 3267 211 3300 τινι
260 3247 302 3300 ιὼν
718 3248 801 3300 Honor·
817 3247 858 3300 ιὼν

103 3267 257 3404 Ποὼνμεψιτιὼὼρ
651 3347 653 3352 ·
717 3247 908 3406 Μαιμὼιτηριὼν

102 3418 283 3490 ’Ᾰνθεστηριὼν
718 3419 853 3506 Ποσειδεὼν

321 3574 457 3645 Χειμερινοί.
927 3574 1058 3644 Χιιμερινοί

101 3674 246 3729 Ποσειδεὼν
717 3675 848 3747 Γαμηλιὼν

100 3761 239 3832 Γαμηλιὼν
716 3760 891 3832 Ἀνθεοτηριὼν

100 3844 298 3917 Ἐλαφηβολιών
716 3843 905 3917 Ἐλαφηβολιών

333 3999 439 4072 Ἐοιρινοῑ
941 3999 1047 4071 Ἐοιρινοί

99 4101 254 4173 Μουνυχιὼν
716 4103 862 4174 Μουνυχιὼν

100 4187 256 4260 θαργηλιὼν
716 4187 862 4260 Θαργηλιὼν

98 4273 290 4346 Σκιῤῥθφορτὼν
715 4273 897 4346 Σκιῤῥοφοριὼν

168 4413 205 4468 ln
218 4410 265 4464 hac
277 4411 421 4465 Atticorum
432 4411 562 4464 mensium
574 4411 724 4465 recensione
737 4411 864 4482 quaedam
876 4417 944 4466 recte
956 4411 1073 4480 Scaliger
1084 4411 1208 4465 adremon
1222 4411 1272 4466 Gu—
1298 4440 1320 4480 p.
1329 4429 1372 4472 rea

98 4515 156 4552 arn
170 4496 305 4563 defendit,
317 4497 369 4550 ulia
380 4512 515 4568 perperam
527 4497 644 4552 cotaleo.
666 4495 740 4561 Quod
752 4499 822 4552 enim
834 4495 1058 4550 Antheeterionem
1069 4513 1149 4551 verno
1161 4499 1273 4568 tempori

98 4581 249 4647 adncribit,
258 4599 313 4636 uon
322 4582 500 4637 inclinativam
512 4587 652 4654 autumno,
666 4584 798 4655 praeclare
809 4583 878 4638 iecit
902 4582 954 4637 Sed
966 4583 997 4638 de
1008 4583 1227 4638 ldaemacterioue
1239 4599 1269 4637 ac
1356 4591 1359 4596 '
