3138 5044
1114 319 1261 380 utxxvtl

97 471 271 534 mbram
283 473 306 526 sl
317 489 364 544 pto
376 473 433 544 ἰιιιῃ
446 473 486 526 ael
498 472 586 544 εἰιιάδι,
604 471 675 545 ἰνάτῃ
688 475 728 527 aal
738 473 816 528 εἰκάδι
827 476 974 547 sumserit,
991 475 1132 532 bellissime
1143 476 1212 532 buno
1223 479 1262 532 lo-

96 557 320 614 manumetis.
343 559 506 625 Invenimus,
517 561 614 630 inquit,
631 558 655 612 ἰν
667 563 697 631 τῇ
709 560 852 631 προκειμένῃ
866 561 991 632 Φαμενὼθ
1003 559 1073 631 ἐνάτῃ
1086 563 1127 614 eal
1138 561 1214 616 εἰκάδι
1225 562 1261 634 (a

95 647 122 712 τῇ
134 643 296 714 ιρειιιρίνρ,
307 661 389 715 quam
400 645 433 700 ad
446 645 649 716 oppugnandum
661 647 712 700 sibi
724 651 897 718 proposuerat
908 649 1033 718 cuimque
1044 649 1073 702 in
1085 651 1261 718 superioribas

93 730 258 799 meminerat)
274 730 357 784 aelam
374 747 409 784 re.
426 732 480 784 iam
496 731 565 785 diem
581 733 609 784 in
626 737 762 802 tegmento
774 733 868 786 Arietis
885 735 1053 803 processisse.
1087 733 1261 788 birmathanc

92 815 270 870 aamecturam
282 821 411 880 nostram,
428 815 498 886 qnod
508 818 659 873 Anatolium
676 824 776 872 certum
792 824 833 871 est
849 817 881 870 ds
893 819 1075 888 aequinoctiali
1087 825 1202 890 tempore
1214 820 1262 874 Ga·

93 915 175 952 nonas
186 901 247 954 illoa
258 902 410 956 instituiasa.
432 902 499 956 Hinc
510 901 669 972 Nicephorua
680 904 726 958 lib.
736 921 772 958 er.
783 919 840 974 cap.
852 921 954 969 auru,
966 905 1006 956 acl
1018 905 1072 975 arpi
1084 909 1126 972 τῆς
1138 904 1261 977 ἰσημερίας

93 990 136 1036 τοῦ
153 983 243 1057 πάσχα
259 983 444 1057 άιιριβιστάτους
461 985 533 1056 ὅρους
551 986 668 1048 balderico
692 989 734 1040 De
751 993 909 1058 aequinoctio
915 990 1042 1058 ριιειιιίιιιίεΙ
1056 997 1262 1046 occnrota'asa'aaoe

93 1078 306 1127 coucacaaoaee't.
324 1073 451 1127 Videlicet
460 1089 521 1126 cum
531 1073 571 1138 id,
583 1074 653 1142 quod
664 1076 692 1128 in
705 1073 866 1128 Gaesarimei
878 1075 978 1144 synodo
991 1091 1007 1128 a
1018 1075 1161 1146 Theophila
1173 1076 1263 1130 habita

92 1159 257 1228 propositum
266 1158 362 1224 lenm,
374 1159 454 1229 uulgo
467 1175 558 1212 omnes
571 1161 746 1229 opinarentur,
758 1161 952 1230 aequinoctium
960 1163 1115 1216 xxvdlartfi
1127 1161 1261 1227 committi,

92 1241 141 1295 boc
160 1244 249 1313 ipsum
270 1245 403 1313 corrigens
420 1245 558 1298 Anatolium
578 1246 772 1315 aequinoctium
793 1261 826 1298 ex
842 1246 1008 1302 Ptolomaiois
1029 1249 1261 1317 uuonomicisqns

92 1325 211 1388 lontibus
222 1331 251 1384 ia
258 1330 418 1386 nnllnffi
429 1332 569 1386 contulit.
590 1330 667 1384 Vides
678 1331 730 1384 leri
738 1331 847 1384 noemae
858 1333 936 1386 uniue
949 1334 1151 1388 commutatione
1163 1339 1262 1402 quanta

92 1413 293 1483 impeditissimo
305 1414 365 1468 huic
377 1415 435 1470 loco
447 1417 494 1470 lux
507 1417 599 1470 oborta
611 1418 653 1470 sit
688 1415 721 1469 Ut
735 1417 827 1470 merito
844 1419 974 1487 posteriue
990 1415 1040 1472 boc
1055 1419 1219 1472 camimum
1236 1423 1263 1471 at

91 1498 126 1550 ad
137 1499 253 1556 Anatolfi
265 1507 380 1559 mentera
391 1503 555 1571 aptlaainrnm
568 1517 626 1556 esse
636 1501 757 1558 iudicem.
780 1501 853 1554 Duae
865 1504 960 1572 quippe
972 1501 1104 1573 puchatn
1116 1502 1262 1574 διαστροφαὶ

92 1583 201 1640 totidem
214 1601 249 1639 ex
260 1587 494 1657 aequinoctialibus
506 1589 624 1642 torminis
636 1589 664 1640 iu
678 1602 756 1640 usum
773 1588 977 1640 ecclesiasticum
994 1589 1159 1658 irrepserant
1193 1588 1261 1642 Nam

91 1669 137 1722 alii
147 1687 211 1726 cum
222 1673 383 1742 περιηγήσεως
394 1676 511 1742 τροπικῆς
522 1674 608 1742 ignari
619 1671 751 1726 andnam
763 1687 871 1726 uernum
881 1673 932 1736 ibi,
949 1674 995 1726 ubi
1013 1690 1029 1726 a
1040 1673 1168 1743 derigere
1179 1675 1261 1728 semel

91 1757 193 1824 ponitur
210 1755 309 1822 iuuat,
325 1757 477 1822 retinerent,
493 1755 591 1828 pascha
607 1764 668 1811 ente
683 1773 744 1811 aar.
760 1757 848 1811 Martii
864 1757 1046 1814 celebrandum
1063 1760 1171 1814 minime
1186 1767 1260 1829 puta-

92 1839 169 1906 bant,
185 1842 282 1912 qnibua
299 1843 402 1896 oanan
418 1844 486 1897 itum
504 1849 544 1896 eet
556 1843 730 1897 Caesariensis
747 1841 851 1896 concilii
867 1842 977 1895 decreto.
1000 1845 1063 1908 Alii,
1081 1851 1111 1897 ut
1122 1844 1210 1898 ludaei
1220 1861 1261 1898 rs·

89 1928 222 1983 aeufioras
237 1933 266 1980 et
279 1929 325 1998 qui
341 1927 449 1982 Iudaeos
461 1929 642 1998 aequabantur,
655 1943 714 1982 cum
723 1926 879 1982 hauddubie
888 1921 1095 1997 aequinoctium,
1107 1930 1149 1982 rel
1159 1931 1260 2000 ingres·

90 2027 151 2066 auru
162 2013 227 2066 solie
238 2014 267 2067 ln
283 2015 393 2068 arietem
403 2015 504 2084 aliquot
519 2020 580 2067 ante
597 2015 688 2068 diebos
703 2014 820 2067 accidere
836 2019 970 2083 putarent,
986 2013 1085 2082 pascha
1100 2031 1178 2069 soum
1193 2017 1259 2070 anti-

90 2099 224 2168 ea'pabaat
255 2097 386 2170 Utroaque
402 2101 431 2153 iu
446 2099 519 2154 bisce
535 2101 678 2154 maenibus
694 2099 790 2154 retollit
802 2099 946 2152 Anamliue.
981 2097 1082 2153 Priores
1098 2102 1202 2170 quidem
1220 2117 1259 2167 sa,

91 2199 172 2253 quana
183 2183 311 2250 bainus,
328 2185 486 2255 mqninoctii
497 2183 597 2255 epocha
609 2186 738 2250 stabilita,
755 2187 910 2254 posteriores
921 2199 995 2250 uero,
1012 2199 1073 2238 curn
1085 2185 1199 2257 disputat
1208 2189 1261 2258 pri-
1286 2221 1307 2260 p,
1315 2207 1359 2250 mo.

91 2285 166 2324 mum
179 2285 304 2324 maneam
314 2272 399 2341 prlroo
415 2271 534 2342 eignilen'
550 2270 758 2324 dedecatenuon'o
775 2269 889 2334 deliniri;
907 2285 986 2340 supra
1003 2285 1082 2340 quana
1098 2279 1259 2342 postremum

89 2357 125 2408 ait
139 2362 309 2426 segmentum
325 2357 475 2426 monetaque
491 2363 653 2427 postremae,
668 2358 696 2408 in
714 2371 765 2425 quo
782 2353 931 2425 paschalem
944 2373 997 2410 aar.
1013 2371 1116 2410 sumere
1133 2361 1259 2417 canoniea

90 2442 194 2496 aauotio
210 2439 344 2511 probibat3
361 2444 435 2512 qnia,
453 2448 484 2496 ut
498 2441 623 2502 bactanua
639 2443 778 2512 probatum
795 2446 846 2504 eet,
863 2441 967 2494 aidanus
982 2444 1110 2496 terminus
1125 2445 1153 2498 in
1170 2447 1258 2515 aequi-

91 2527 209 2580 noctium
219 2528 335 2582 incurrit.
359 2527 393 2580 Et
407 2534 437 2580 nt
451 2529 580 2598 portarier
596 2529 683 2580 canuc
698 2527 730 2580 ad
742 2526 850 2580 ludaem
861 2533 889 2578 et
900 2525 1059 2582 Christianos
1071 2524 1257 2600 Ἰουδείζοιτιις,

92 2613 183 2682 quales
195 2613 368 2666 occidentales
380 2619 407 2666 ct
417 2612 503 2670 Latini
513 2613 630 2677 luerunt,
642 2613 744 2684 proprie
756 2613 879 2682 pertinet,
891 2613 929 2664 ita
940 2614 1010 2682 prior
1021 2614 1144 2668 adversus
1154 2615 1201 2668 illa
1211 2632 1257 2685 pu·

90 2704 157 2768 με
167 2713 236 2768 quae
247 2701 275 2752 in
286 2699 358 2752 Actia
370 2697 546 2752 Gaeaerienna
556 2698 658 2768 synodi
669 2698 798 2768 leguntur,
816 2713 927 2766 quorum
940 2697 1116 2766 fragmentum
1127 2700 1197 2769 apud
1208 2700 1257 2754 Be-

92 2783 151 2838 dann
168 2785 294 2854 reperitur
309 2790 370 2855 post
386 2784 503 2838 libellum
520 2784 552 2837 de
568 2784 747 2853 Aequinoctio.
776 2781 806 2834 ln
824 2782 917 2850 quibua
934 2784 1047 2851 primurn
1064 2785 1257 2852 aequinoctium

90 2870 181 2924 llartii
191 2887 253 2925 aar.
267 2870 441 2935 constituitur,
458 2875 515 2922 tum
525 2885 586 2922 vero
600 2869 722 2938 quoniam
735 2865 851 2920 Christus
863 2867 955 2920 codem
965 2867 1009 2920 illo
1021 2870 1195 2923 resurrexisse
1207 2871 1256 2936 die,

88 2961 118 3008 et
126 2957 164 3009 ab
176 2971 214 3010 rr.
222 2955 283 3010 Kal
295 2971 389 3028 paeana
401 2955 561 3018 emesan,
579 2953 637 3006 ldae
653 2952 767 3006 biduum
784 2952 817 3006 ad
827 2950 963 3022 paschales
974 2953 1102 3006 terminos
1112 2961 1256 3025 arrogatur,

88 3057 122 3094 aa
141 3041 202 3111 lage
221 3041 394 3112 preoccupes,
413 3048 444 3094 ut
459 3040 494 3092 ab
511 3055 546 3092 ει.
558 3037 616 3092 Kal.
630 3039 690 3108 dpr.
709 3035 742 3088 ad
758 3053 794 3090 rr.
805 3036 863 3092 Kal.
875 3037 958 3090 bisiae
974 3037 1105 3108 paschalia
1121 3039 1256 3095 celebritas

89 3127 157 3182 obiri
168 3126 267 3197 potest,
278 3144 310 3179 ce
322 3135 418 3180 aarum
426 3129 558 3196 porar'oaa'e
568 3132 754 3176 accrementum
766 3132 839 3176 carro
851 3125 953 3179 limitare
962 3125 1123 3180 &alodetum
1159 3125 1211 3180 aad
1226 3133 1257 3180 ut

89 3212 122 3266 da
130 3211 312 3281 Synodadbne
322 3211 374 3264 illia
385 3211 456 3265 neda
467 3209 552 3264 dicum
564 3207 633 3279 quod
644 3209 742 3273 sentio,
757 3207 808 3262 luit
823 3209 893 3262 istud
911 3209 1015 3278 qnidam
1026 3211 1184 3280 provinciale
1195 3229 1255 3268 oon-

88 3299 181 3352 ciliurn
190 3297 303 3351 Victoria
313 3313 397 3367 papae
407 3297 481 3350 iussu
492 3311 509 3349 a
520 3293 661 3365 Theophila
675 3293 838 3348 Caesariensi
848 3301 979 3360 coactum,
997 3311 1047 3364 quo
1064 3302 1181 3367 tempore
1194 3313 1255 3352 con·

89 3383 221 3436 noemia
230 3383 277 3438 illa
288 3382 320 3436 da
332 3381 454 3452 parabata
466 3380 641 3436 Christianum
656 3380 745 3433 orbem
756 3377 921 3433 vehementer
937 3381 1096 3450 exagitabat.
1132 3381 1185 3437 Sed
1200 3399 1255 3438 nora

89 3469 182 3522 amab
189 3481 258 3538 quae
265 3467 370 3522 indetis
384 3467 436 3522 illia
447 3465 700 3537 comprehenduntur
710 3481 758 3535 pro
769 3464 829 3518 lidei
839 3464 947 3518 decretie
956 3463 1073 3519 babendo
1081 3473 1154 3532 eunt,
1164 3483 1255 3524 return

87 3556 207 3608 rabones
219 3553 340 3624 priuatim
351 3567 368 3606 a
378 3553 496 3622 patribus
508 3553 601 3606 allam
613 3557 676 3604 sunt
685 3551 835 3621 pleraeque,
853 3551 948 3619 quibua
964 3553 1122 3606 seutentiam
1139 3567 1214 3608 auam
1224 3555 1254 3608 il·

90 3641 246 3705 lustrarent,
260 3653 329 3709 qaae
343 3653 398 3692 noo
413 3639 486 3709 iprae
502 3639 570 3692 inter
585 3635 647 3690 fidei
658 3636 782 3706 dogmata
793 3642 938 3688 cenaentnu
969 3636 1036 3690 'inm
1048 3637 1118 3706 quod
1128 3637 1255 3694 liusabiua

90 3727 135 3780 lib.
145 3744 171 3780 v.
183 3739 314 3794 capuan.
326 3729 416 3778 nanat
425 3740 471 3794 per
482 3723 550 3776 idern
561 3728 665 3792 tempor
677 3737 737 3776 cnm
748 3721 810 3776 alibi
821 3721 933 3790 passion
947 3726 1005 3774 tuna
1016 3721 1115 3776 Romae
1124 3737 1143 3776 a
1151 3724 1254 3778 Victore

87 3811 123 3866 de
134 3810 227 3866 εειίιιιιι
238 3810 391 3880 mationa
403 3809 538 3879 synodalia
550 3808 652 3861 decreta
663 3806 733 3862 edita
742 3807 838 3870 fuisse,
850 3816 918 3876 quaa
929 3806 957 3858 in
968 3807 1077 3860 eandem
1089 3807 1121 3862 da
1130 3808 1254 3879 paschate

87 3896 246 3955 alebrando
262 3897 442 3967 conspirarent
458 3894 625 3957 sententiam,
642 3909 695 3948 uon
709 3892 746 3946 sic
764 3891 961 3960 intelligendum
973 3897 1013 3944 eat
1024 3898 1053 3944 ut
1064 3909 1131 3962 quaa
1142 3896 1170 3947 in
1181 3896 1253 3949 Actia

88 3983 142 4037 illia
159 3981 336 4052 allegarentur
352 3981 440 4036 emnia
454 3996 471 4031 a
487 3977 608 4049 pontifice
624 3977 743 4032 Romano
760 3978 871 4046 probata
886 3977 940 4030 aiut
955 3981 983 4030 et
996 3993 1043 4047 pro
1060 3969 1253 4034 cunctando

88 4068 354 4138 gman'buareeapta,
369 4065 415 4120 aed
431 4081 462 4118 ea
477 4063 616 4128 duntaxat,
634 4077 701 4132 quae
715 4079 750 4116 ax
765 4063 840 4118 falsis
855 4063 906 4115 illie
921 4063 1055 4133 principiis
1067 4071 1199 4135 utcunque
1210 4066 1252 4120 de·

89 4153 182 4218 dueta,
193 4167 255 4206 rara
265 4151 401 4222 aelichqoe
412 4156 512 4221 reperta
523 4154 592 4203 sunt
610 4147 762 4204 &eiusmodi
772 4148 921 4202 motiones
932 4149 992 4201 illae
1000 4149 1117 4214 innunt,
1128 4155 1158 4202 nt
1168 4167 1252 4223 neque

87 4240 117 4292 ia
134 4255 190 4292 aaa.
201 4237 265 4292 luna
280 4237 378 4309 paseha
394 4237 480 4300 lieret,
496 4251 544 4288 nec
562 4234 613 4286 alio
630 4249 709 4302 quarn
720 4233 849 4288 dominico
861 4233 914 4298 die;
930 4232 999 4303 quod
1015 4239 1250 4305 eratpropoailnm.

87 4325 215 4394 Reliqua,
227 4339 294 4394 quaa
304 4323 443 4381 mouenda
453 4321 503 4374 dici
514 4324 636 4389 possum,
648 4335 708 4372 oum
718 4320 814 4389 partim
823 4320 958 4390 perepione
969 4318 1051 4383 faba,
1066 4321 1162 4388 partim
1173 4322 1252 4377 dubia

88 4417 117 4464 at
126 4409 312 4467 „meamne
325 4408 467 4463 monitus
479 4405 608 4460 wabarie
618 4405 681 4469 sint,
693 4405 790 4460 nulline
801 4405 948 4458 annuntie
958 4421 992 4458 ua
1003 4403 1183 4462 Caesarienses
1195 4411 1250 4479 qui·

88 4495 150 4548 dana
160 4495 214 4564 ipai
225 4499 311 4564 patrea
322 4507 379 4548 asae
390 4493 539 4558 voluerunt,
556 4506 640 4561 neque
648 4489 735 4544 Victor
745 4505 862 4560 unquam
872 4490 1032 4560 approbarit
1055 4491 1094 4546 De
1105 4509 1157 4564 qna
1167 4511 1195 4548 re
1204 4511 1249 4548 au·

87 4595 149 4651 pra,
160 4595 224 4634 cnm
232 4579 264 4634 de
272 4579 416 4634 dominicae
424 4577 677 4649 temporapaaaionia
686 4583 773 4630 actum
785 4579 838 4640 eat,
850 4573 972 4631 advenas
981 4581 1151 4649 quorumdam
1160 4595 1248 4650 euper-

142 4683 390 4734 ccrp.liaereaeel.lll.
1020 4681 1049 4736 Μ
