3166 5044
298 313 406 370 XXXII

299 485 334 524 ex
344 469 393 523 hoc
405 467 477 523 iente
488 481 541 522 non
554 467 617 520 satis
629 471 721 520 cautae
731 466 949 538 interpretationis
958 465 1025 521 laisa
1034 466 1065 520 de
1074 464 1164 538 lipiph.
1173 464 1322 520 testimonio
1331 464 1460 518 reumatis

298 553 432 625 profluxit.
455 553 611 624 Quanquam
622 570 674 606 non
689 553 754 606 illud
770 553 935 623 ignoramus,
950 553 1108 606 anonnnllis
1120 551 1295 606 Hebraeorum
1310 549 1459 604 doctodbus

298 641 422 695 coelestes
439 641 514 694 orbes
531 640 620 694 anima
634 639 857 710 intelligentiaque
868 639 999 710 praeditos
1012 639 1163 693 existimari.
1186 637 1270 702 Quam
1281 637 1365 690 Rabbi
1375 636 1458 690 Mesia

299 727 448 798 opinionem
458 725 542 780 David
552 725 655 781 iiimchi
665 726 692 778 in
704 725 800 779 Psalm.
810 725 876 778 XIX
887 723 927 778 his
939 726 1025 778 uerbis
1037 725 1161 796 explicat:
1174 727 1246 814 psit
1258 727 1355 785 mm
1368 727 1458 782 ΞἪῚ

298 817 359 876 νιν
376 815 462 877 νιν-ι
484 817 519 874 u
537 814 686 874 neuun
709 781 785 885 ’ῆν
803 813 965 874 nausea
981 815 1089 872 υινυ
1107 812 1236 873 renen
1253 814 1311 870 aa
1330 811 1459 869 :aaa

298 907 485 970 :annuus
506 878 605 980 Ηυξ
623 909 744 970 manso
756 875 911 980 urbasus
929 909 1004 967 υνιι
1022 871 1171 978 nebahan
1193 909 1227 965 υ
1245 875 1459 973 nauseabant

297 971 376 1074 §aba
395 1008 474 1063 mu:
492 1005 588 1064 tntu:
607 1001 692 1053 Raiba·
703 999 796 1064 lieres,
808 999 904 1070 inquit,
920 1017 1005 1059 esocem
1016 1001 1100 1063 illam,
1113 1003 1245 1062 enarrant,
1257 1001 1295 1049 sic
1308 999 1420 1066 exponit,
1432 1005 1461 1046 ut

300 1089 337 1140 ud
348 1089 464 1141 coelestes
476 1089 548 1142 orbes
559 1091 669 1157 reserat,
686 1090 803 1154 quonium
819 1085 883 1138 lucc
900 1087 970 1138 illias
986 1103 1017 1136 uo
1026 1083 1232 1154 philosophorum
1244 1085 1327 1152 opinio
1339 1091 1387 1144 eat,
1404 1097 1459 1133 coe·

297 1173 370 1226 testes
381 1175 453 1226 orbes
463 1179 548 1227 eicere
560 1182 584 1225 et
594 1173 735 1240 inteliiqere
747 1173 860 1224 sedeam
873 1173 967 1235 colere,
979 1173 1124 1240 summasque
1136 1170 1253 1223 laudibus
1265 1170 1377 1237 efficere.
1391 1165 1460 1218 Hinc

297 1259 435 1312 caelicolas
445 1259 555 1313 ludaeos
567 1258 600 1312 ab
611 1257 811 1328 imperatoribus
823 1253 885 1310 Ood.
897 1257 928 1309 de
940 1255 1040 1310 iudaeis
1053 1261 1078 1309 et
1089 1255 1225 1310 caelicolis
1236 1253 1360 1325 appellari
1371 1255 1460 1304 censet

294 1343 423 1399 Batonius
439 1346 497 1399 leco
514 1345 604 1410 citato,
621 1343 690 1414 quod
705 1349 777 1416 astra
792 1343 945 1412 coelumque
961 1343 1081 1395 colerent.
1115 1341 1149 1394 At
1160 1339 1277 1410 Scaliger
1291 1338 1405 1392 nominis
1417 1353 1458 1389 ra·

295 1431 393 1484 Sonam
405 1431 481 1485 affert
491 1431 578 1485 aliam
604 1429 642 1484 De
655 1446 706 1500 qus
718 1430 751 1482 ad
762 1429 882 1482 ultimam
892 1427 1012 1482 haeresin
1024 1427 1193 1498 opportunius
1205 1425 1370 1479 disseremus.
1393 1423 1458 1476 Cae-

296 1521 379 1570 terum
390 1515 441 1570 huc
452 1517 541 1571 referri
552 1521 650 1587 potest,
662 1515 731 1588 quod
743 1514 811 1585 apud
821 1513 891 1584 Orig.
903 1513 947 1567 lib.
960 1531 977 1566 1.
998 1511 1088 1568 Celsus
1099 1512 1200 1566 Iudaeis
1213 1510 1361 1566 obiicicbat:
1375 1508 1457 1579 λέγων

296 1601 384 1664 αὐτοὺς
397 1602 472 1672 σέβειν
484 1600 616 1674 ἀγγέλους,
629 1601 668 1654 aul
680 1600 779 1671 γοητείᾳ
791 1599 951 1670 supersticiose.

363 1687 447 1740 Ταῦτα
453 1687 482 1740 δέ
486 1707 527 1759 μοι
534 1686 578 1740 οὐκ
585 1685 616 1748 εἰς
628 1686 777 1759 captique]
797 1685 930 1739 Pharisaei
939 1686 987 1739 etsi
995 1685 1078 1756 iatum
1088 1689 1267 1754 agnoscerent,
1278 1699 1331 1736 nen
1341 1682 1457 1734 humana

294 1781 381 1827 tamen
395 1774 482 1828 omnia
493 1791 527 1828 ex
538 1791 568 1828 eo
580 1773 691 1844 pendere
704 1771 864 1837 statuebant3
875 1787 959 1843 neque
971 1769 1200 1824 liberamhominis
1209 1769 1369 1822 uoluntatem
1378 1773 1456 1837 atqua

294 1859 422 1914 arbitrarii
432 1865 589 1930 potestatem
600 1876 614 1912 e
625 1857 710 1912 medio
726 1859 864 1920 tollebant,
880 1859 919 1910 uti
933 1857 1050 1928 pluribus
1066 1857 1179 1928 explicat
1192 1854 1315 1925 Iosephus
1333 1853 1378 1906 lib.
1389 1871 1454 1907 xrrr.

295 1945 365 2016 Orig.
378 1962 435 2016 cap.
444 1963 480 2012 ra,
493 1951 519 1999 et
529 1946 573 1999 lib.
584 1964 603 1998 rr
615 1943 707 1996 ‘Aleia
720 1961 775 2015 cap.
786 1961 832 1996 ιιι.
853 1941 937 2006 Quare
946 1942 1009 1996 nihil
1019 1949 1073 1996 erat
1082 1959 1126 1995 cur
1134 1939 1293 2012 Epiphanius
1303 1943 1456 2008 sequentem

294 2031 417 2084 adversus
433 2037 574 2086 assertores
589 2031 637 2084 lati
654 2029 855 2100 disputationem
872 2033 963 2082 contra
974 2017 1127 2082 Pharisaeos
1144 2027 1310 2099 potissimum
1325 2025 1455 2094 dirigeret,

294 2123 421 2186 quatenus
438 2134 470 2170 ea
486 2135 527 2171 res
545 2115 720 2171 adhumanas
737 2115 852 2169 actiones
874 2130 1014 2185 earumque
1031 2115 1113 2167 libera
1134 2113 1241 2166 consilia
1252 2111 1375 2183 pertinet,
1388 2125 1455 2180 quae

294 2202 449 2257 Pharisaeos
460 2219 627 2274 nequaquam
638 2201 774 2257 sustulisse
785 2200 939 2255 Pharisaeus
950 2201 1043 2254 asserit
1052 2199 1185 2270 Iosephus.

407 2409 453 2463 AD
470 2407 641 2464 iihliitliSlN
657 2407 751 2474 XVII,
768 2407 857 2472 Quas
874 2407 938 2462 EST
954 2403 1343 2464 HEMEROBAPTISTARUM.

360 2529 613 2585 Communeludaeis
623 2528 751 2593 omuibus,
763 2533 789 2582 et
797 2527 923 2599 imprimis
932 2527 1078 2596 Pharisaeis
1092 2527 1173 2581 inisse
1181 2527 1285 2580 liorem
1295 2525 1455 2594 evangelista

292 2621 401 2670 testatur
413 2633 469 2688 cap.
481 2633 527 2682 νιν,
539 2614 555 2668 3
567 2621 593 2668 et
604 2615 637 2680 h,
653 2619 683 2668 ut
698 2620 724 2668 et
740 2629 833 2667 manus
848 2613 995 2686 frequenter
1009 2615 1156 2678 abluerent,
1172 2619 1198 2666 et
1214 2627 1230 2664 a
1245 2611 1302 2664 foro
1317 2610 1452 2664 redeuntes

292 2702 491 2773 baptizarentur.
514 2699 598 2766 Quare
609 2717 664 2755 uon
675 2699 775 2754 ridetur
785 2701 922 2771 peculiaris
933 2699 998 2753 haec
1010 2705 1081 2753 secta
1091 2699 1247 2752 Iudaeorum
1258 2695 1389 2761 extitiss03
1401 2697 1453 2749 nisi

291 2789 329 2841 ita
341 2789 469 2853 dicamus,
485 2788 638 2854 nonnullos,
657 2787 701 2856 qui
718 2803 747 2840 sa
763 2787 899 2840 sanctitate
914 2791 1045 2856 praestare
1062 2785 1170 2839 caeteris
1185 2785 1293 2847 vellent,
1310 2799 1364 2835 non
1374 2782 1451 2834 modo

293 2875 393 2944 quoties
406 2873 489 2926 sioro
500 2873 622 2939 redirent,
635 2889 726 2926 verum
738 2873 816 2926 etiam
827 2873 931 2925 tametsi
938 2872 1031 2942 pedem
1041 2871 1117 2925 domo
1126 2887 1179 2924 non
1188 2869 1355 2932 extulissent,
1367 2867 1398 2920 de
1410 2867 1452 2920 die

292 2959 396 3030 saepius
407 2961 494 3012 lauare
505 2959 680 3013 consuevisse.
709 2957 860 3012 Cuiusmodi
870 2957 961 3011 Banus
976 2957 1020 3011 ille
1031 2956 1092 3023 fuit,
1109 2956 1151 3009 eui
1161 2969 1190 3010 ae
1201 2953 1325 3024 losepbus
1337 2955 1364 3006 iu
1375 2953 1452 3006 disci·

291 3045 390 3116 pliuam
401 3043 517 3109 tradidit,
533 3052 562 3096 ut
577 3045 605 3098 in
616 3046 671 3098 rita
686 3061 733 3098 sua
745 3045 870 3115 scripturn
880 3043 1001 3114 reliquit.
1022 3043 1096 3097 iiuuc
1109 3043 1178 3095 euim
1189 3041 1268 3094 reiert
1280 3039 1369 3110 ψυχρῷ
1379 3037 1451 3090 iden

291 3129 334 3196 τὴν
346 3127 437 3200 ἡμέραν
449 3128 489 3180 καλ
501 3127 543 3196 τὴν
555 3129 630 3181 νύκτα
642 3127 761 3190 πολλάκις
769 3129 903 3200 λουόμενον
916 3128 977 3200 προς
990 3127 1092 3199 ἁγνείαν.
1106 3127 1149 3198 Sic
1157 3127 1248 3182 Esseni
1260 3126 1328 3197 apud
1341 3125 1450 3178 eundem

290 3213 430 3286 iosepbum
440 3213 485 3267 lib.
495 3231 524 3267 rr.
535 3230 591 3285 cap.
604 3231 650 3268 ιιι.
662 3231 754 3284 corpus
766 3220 826 3268 aute
838 3215 925 3269 cibum
942 3215 1082 3268 abluebant
1096 3213 1198 3283 frigida.
1229 3213 1294 3278 Quid
1310 3213 1390 3282 igitur
1400 3211 1450 3266 lie·

290 3301 492 3370 merobaptistae
500 3299 546 3365 ilii,
557 3297 787 3371 quosiipiphsnius
796 3301 881 3368 refert,
890 3301 1037 3366 meruerint,
1046 3305 1076 3353 ut
1084 3299 1232 3354 distinctam
1242 3299 1274 3350 ab
1285 3299 1342 3351 aliis
1351 3303 1450 3352 sectam

293 3385 438 3456 efficerent,
451 3401 504 3440 non
515 3387 577 3439 satis
589 3385 767 3440 discernimus.

198 3498 224 3550 p.
234 3487 265 3529 aa.
358 3471 395 3524 Oi
408 3469 454 3542 μὴν
471 3469 608 3542 ἐξιαοομίνη
622 3475 672 3532 τοῖς
690 3471 889 3543 Σαδδουκαίοις]
923 3473 972 3536 Qui
988 3473 1073 3544 prima
1088 3471 1173 3542 specie
1187 3469 1324 3524 verborum
1340 3471 1449 3524 istorum

291 3573 384 3611 sensus
397 3557 518 3622 occurrit,
534 3557 557 3609 is
574 3561 626 3622 est,
644 3573 721 3627 quem
737 3575 791 3612 nen
807 3559 885 3612 modo
897 3575 945 3612 nos
957 3558 1009 3628 ipsi
1020 3558 1065 3611 sed
1077 3558 1154 3611 etiam
1164 3555 1301 3610 Comarius
1313 3557 1449 3627 expressit.

289 3643 527 3714 Hemerobaptistas
543 3659 597 3696 nou
612 3643 697 3696 solum
712 3643 740 3696 in
756 3645 877 3714 neganda
888 3649 1048 3697 mortuorum
1060 3644 1259 3707 resurrectione,
1271 3659 1359 3696 rerum
1371 3643 1398 3696 iu
1411 3659 1449 3695 re·

289 3729 362 3800 liqna
373 3729 445 3782 omni
456 3728 726 3798 dogmatumialsitate
737 3730 893 3784 concordare
905 3747 964 3783 cuna
976 3729 1143 3784 sadducaeis:
1158 3727 1239 3798 oipip
1252 3726 1389 3799 ἐξιαουμένη
1402 3730 1448 3798 μό-

289 3833 344 3884 νον,
360 3815 454 3884 iuquit,
467 3817 517 3875 τοῖς
529 3813 704 3875 Σαδδουκαὲοις
716 3812 740 3866 ἐν
752 3819 782 3884 τῇ
795 3817 844 3866 τῶν
856 3817 946 3884 νεκρῶν
958 3811 1097 3886 οἰναατάαει1
1114 3811 1179 3866 ἆλλὰ
1190 3820 1219 3886 τῇ
1231 3815 1329 3886 ἀπιστία
1345 3813 1384 3866 aui
1396 3818 1448 3874 τοῖς

290 3897 381 3962 ἄλλοις.
411 3899 463 3954 Sed
479 3897 542 3954 haec
560 3900 689 3953 sententia
704 3901 737 3953 ab
752 3901 797 3964 iis,
814 3916 881 3971 quae
897 3901 975 3970 panio
987 3908 1046 3954 ante
1058 3902 1193 3970 leguntur,
1209 3906 1266 3952 tum
1276 3900 1303 3952 in
1315 3897 1448 3954 Breriario

289 3992 419 4040 sectarum
436 3985 513 4056 hujus
530 3985 603 4050 libri,
627 3986 697 4039 etin
719 3986 899 4039 universarum
916 3985 1135 4057 Anacephalaeosi
1152 3986 1313 4056 reperiuntur
1335 3987 1368 4038 ab
1388 3985 1448 4056 lipi-

288 4069 396 4140 phanio,
408 4069 572 4124 uehementer
584 4071 697 4124 dissidet.
723 4069 791 4124 Nam
802 4073 898 4141 ubique
913 4077 1062 4126 constanter
1077 4072 1199 4126 asseritur
1210 4071 1448 4140 hemerobaptistae

288 4173 305 4208 a
315 4157 416 4210 ludaeis
433 4157 539 4228 reliquis
556 4157 629 4210 nulla
644 4157 671 4208 iu
682 4161 754 4226 parte
766 4155 926 4227 discrepare;
943 4157 1011 4226 sire,
1028 4163 1058 4210 ut
1067 4158 1116 4210 hoe
1127 4157 1184 4210 loco
1196 4157 1310 4228 scripsit,
1322 4173 1338 4209 a
1350 4157 1447 4226 Scribis

288 4247 315 4294 et
330 4241 481 4296 Pharisaeis.
511 4243 585 4308 Quod
602 4243 626 4295 si
641 4257 805 4296 communem
820 4259 880 4296 cum
896 4243 1054 4296 Sadducaeis
1069 4244 1235 4313 negationem
1252 4244 1447 4297 resurrectionis

288 4325 437 4392 habuerint,
449 4329 551 4398 aliaque
564 4329 699 4398 dogmata,
716 4327 810 4397 quibus
823 4329 866 4381 isti
878 4343 894 4381 a
905 4327 1049 4382 Pharisaeis
1067 4335 1093 4381 et
1103 4329 1195 4382 scribis
1207 4334 1342 4400 tantopere
1353 4327 1446 4383 abhor-

288 4412 387 4477 rebant,
399 4417 429 4464 ut
439 4411 472 4464 acl
484 4413 661 4467 Samaritauos
673 4413 831 4479 accederent,
843 4413 1061 4484 quemadmodum
1072 4415 1100 4466 in
1110 4415 1213 4468 illorum
1222 4415 1376 4469 declaranda
1386 4415 1446 4468 hae·

287 4498 339 4551 resi
350 4501 460 4550 testatus
473 4501 526 4562 est,
541 4499 657 4568 profecto
669 4500 780 4552 multum
791 4515 850 4553 cum
863 4515 879 4553 a
890 4499 995 4569 reliquis
1008 4498 1163 4554 iudaeorum
1173 4501 1342 4566 factionibus,
1358 4509 1414 4554 tum
1431 4517 1447 4554 a
1495 4555 1509 4566 ,

287 4581 432 4638 Pharisaeis
444 4597 475 4636 ac
486 4581 583 4637 Scribis
595 4583 833 4656 hemerobaptistae
845 4586 957 4658 separati
968 4591 1036 4640 sunt.
1065 4585 1137 4651 Quae
1152 4601 1194 4641 rue
1209 4589 1275 4644 ratio
1292 4595 1445 4652 commoret,
