3138 5044
1135 277 1268 338 GLXXHI

102 447 172 504 ques
182 448 321 504 nunquam
332 433 462 500 viderant,
479 433 525 490 aed
541 451 575 488 ex
587 433 775 490 eccbeierticae
785 433 920 499 historiae,
931 433 982 488 boc
992 438 1034 490 eet
1043 451 1061 488 ε
1071 433 1178 491 lintheo
1188 435 1267 490 iuter·

101 519 223 588 polatae,
233 519 285 573 ilde
297 535 328 572 nc
339 520 489 576 testimonio
499 521 658 590 depromptu
674 520 761 574 Redeo
773 520 805 572 ed
816 519 1002 590 Wilphridum,
1014 521 1059 590 qui
1069 521 1220 574 Anatolium
1230 521 1268 574 itu

100 611 214 674 purget,
232 611 262 658 ut
276 605 304 658 iu
316 621 411 660 mures
421 607 508 676 potius
519 606 691 676 praevaricari
701 605 825 660 viduatur.
848 605 923 660 Certe
934 604 1001 660 huuc
1012 606 1052 660 illi
1063 606 1212 676 opinionem
1223 606 1268 658 tri·

102 689 172 754 buit,
190 706 273 760 quam
288 707 322 744 ne
339 692 479 746 somniarit
491 691 596 761 quidem
607 707 735 761 unquam:
751 692 805 746 imo
821 708 896 754 vero,
913 706 981 761 quse
995 691 1095 761 iprum,
1112 690 1182 760 quod
1196 691 1270 744 Secti

99 777 275 845 pugnabant,
293 777 462 848 oppugnabat
479 783 566 830 autem
578 777 723 840 wilfridus,
739 776 847 840 efficiat,
864 775 933 847 quod
945 783 986 830 est
996 776 1112 846 proiecto
1122 776 1268 832 ridiculum.

102 861 225 926 Constet,
242 862 340 932 iuquit,
357 863 505 916 Anatolium
521 867 603 916 uirum
618 867 815 926 concussum,
835 864 1004 916 ἀοιειεείνιιιειιι
1019 879 1052 914 oc
1069 863 1145 916 hade
1162 880 1215 916 aare
1230 865 1268 916 di·

98 951 253 1016 pniosieoaar
264 957 311 1004 etc.
346 948 424 1002 Mox:
449 948 498 1000 lde
509 952 547 1003 ric
559 952 586 1000 io
594 947 710 1018 pascham
725 950 874 1002 dominicum
890 966 944 1002 nur.
958 950 1044 1002 lunam
1061 951 1228 1018 computavit,
1242 958 1270 1002 at

99 1031 171 1084 boec
188 1035 280 1088 eodem
295 1037 355 1102 ipro
370 1036 412 1088 die
428 1051 496 1088 more
513 1034 694 1103 Aeqpptioruor
709 1051 752 1088 ιν.
767 1035 852 1086 lanam
869 1036 906 1088 ad
920 1051 1052 1104 uesperum
1069 1051 1122 1086 esee
1129 1037 1268 1102 saturetur.

98 1117 145 1172 ste
157 1120 229 1172 sdes
240 1137 283 1174 xx.
294 1121 359 1174 ἀνέιιι
371 1119 619 1188 dominicopuecdoe
631 1123 775 1184 ounutovit,
784 1129 813 1172 ut
823 1119 903 1182 douc,
915 1120 1047 1174 &clinum
1055 1121 1143 1174 eudem
1152 1121 1206 1182 die,
1218 1135 1270 1174 esee

100 1221 157 1258 nr.
173 1207 299 1260 crederet.
332 1203 408 1260 osum
419 1206 534 1274 rapulam
547 1207 714 1261 dinuscta'ooir
724 1223 768 1258 voe
779 1208 911 1274 iquorosee
918 1206 1026 1274 probat,
1043 1207 1110 1274 quod
1121 1206 1270 1274 aliquotiens

96 1290 206 1360 parebo
218 1283 422 1359 simserts'esiroe
433 1300 493 1346 onte
500 1292 679 1360 plenilonium,
695 1293 725 1344 id
736 1300 773 1344 eet
782 1295 809 1344 io
820 1309 878 1346 1111.
887 1292 948 1344 loeo
954 1294 1057 1360 socitiu
1082 1289 1152 1362 Ergo
1163 1289 1190 1344 id
1201 1291 1269 1344 hun·

100 1375 183 1428 telius
195 1376 300 1440 sanxit,
315 1376 379 1430 luna
388 1395 443 1432 ιιι.
454 1375 567 1447 ἡμερινῇ,
583 1385 613 1432 ut
622 1377 737 1448 loquitur
747 1375 919 1447 Epiphanius,
936 1380 1058 1447 νικτερινῇ
1070 1371 1269 1446 πεντεκαιδεκάτῃ

100 1459 203 1531 pascha
220 1461 271 1514 rite
287 1460 387 1531 perfici,
405 1461 475 1532 qnod
491 1478 593 1516 merum
609 1468 648 1516 est
664 1462 802 1516 Scotorum
818 1467 844 1514 et
859 1460 1149 1526 Qumtadecimnnorum
1165 1461 1270 1531 degunt,

100 1543 214 1612 horum,
226 1547 336 1616 inquam
347 1546 488 1612 duntaxat,
504 1548 550 1618 qui
561 1548 612 1602 etsi
622 1547 780 1602 dominicum
791 1546 860 1600 diem
871 1547 1015 1600 celebrituti
1025 1547 1206 1617 pruefinirent,
1218 1563 1271 1602 non
1297 1561 1317 1601 u
1327 1549 1371 1592 1⁹⁵·

100 1631 263 1686 dubitabant
278 1637 380 1697 tamen,
398 1633 501 1701 quoties
518 1633 649 1689 dominica
664 1633 692 1686 in
708 1651 761 1686 mu.
776 1631 912 1698 incideret,
929 1649 960 1686 eo
978 1632 1020 1688 die
1036 1633 1133 1688 testum
1149 1632 1270 1688 incidere.

99 1717 162 1772 lion
173 1717 249 1772 aliud
259 1717 375 1774 semisse
386 1717 428 1773 vel
439 1717 532 1775 doctor
543 1719 585 1772 vel
596 1723 711 1775 caeteros
723 1717 838 1772 eiusdem
849 1716 964 1772 haeresis
978 1733 1009 1772 ae
1020 1717 1141 1774 notionis
1152 1715 1271 1772 hominen

101 1805 193 1860 notius
211 1808 253 1858 est
268 1819 348 1873 quarn
364 1808 393 1856 ut
406 1819 448 1858 res
459 1803 611 1873 probatione
623 1809 707 1873 egeat.
743 1803 817 1858 Corte
828 1801 919 1860 Sontes
930 1803 1001 1872 ipsos
1013 1819 1030 1860 a
1041 1821 1094 1858 ιιι.
1107 1804 1171 1858 lune
1182 1803 1216 1858 ad
1227 1821 1270 1858 u.

100 1890 252 1943 celebrnsse
261 1887 333 1941 Beda
345 1889 461 1958 scripsit,
473 1905 532 1942 oum
544 1887 663 1942 catholici
675 1905 691 1940 e
702 1906 744 1940 ιι.
756 1887 789 1942 ad
801 1906 854 1942 ιιι.
866 1887 892 1942 id
904 1889 1016 1958 egerint,
1027 1893 1057 1944 ut
1068 1889 1147 1944 unius
1157 1888 1209 1944 diei
1219 1888 1270 1947 die·

101 1977 206 2030 crimen
218 1973 304 2028 inerit
328 1972 362 2026 Ut
373 1974 453 2044 igitur
465 1972 597 2028 catholicis
610 1993 652 2029 xv.
665 1972 795 2044 paschalis
807 1989 838 2026 eu
850 1980 901 2038 est,
919 1989 986 2043 quus
998 1973 1025 2028 in
1037 1992 1090 2028 ιιι.
1103 1974 1207 2040 desinit,
1220 1979 1270 2028 est·

100 2079 154 2132 que
171 2055 375 2125 πεντεκαιδεκάτη
392 2057 504 2129 ipsqui,
521 2060 559 2112 ita
570 2057 826 2130 Τεσσαρεςδνιατίταις
838 2075 891 2114 ειν.
902 2059 1008 2129 perinde
1019 2057 1132 2130 ἡμερινὴ,
1148 2058 1270 2130 νυκτερινὴ

100 2163 165 2202 vero
177 2165 225 2201 xv.
236 2161 294 2202 cess
306 2143 403 2203 debuit.
421 2143 487 2198 Nam
499 2146 522 2200 ni
533 2163 590 2202 rur.
599 2143 699 2216 ἡμερινῇ
708 2143 806 2216 pasche
817 2149 1018 2210 anteverterent,
1029 2161 1083 2206 neu
1094 2161 1147 2204 uuo
1159 2144 1213 2210 (110,
1225 2145 1271 2198 8θᾶ

100 2233 185 2286 biduo
197 2248 217 2286 a
228 2229 363 2286 catholicis
374 2228 514 2286 differrent.
546 2229 643 2284 Verum
661 2248 695 2286 ex
711 2231 744 2284 iis
761 2247 827 2300 queo
844 2231 932 2290 &atim
949 2230 1019 2286 idem
1029 2229 1167 2292 Wiliridue
1184 2231 1273 2290 obiicit

102 2319 203 2372 ooniioi
213 2321 313 2388 potest,
330 2315 392 2386 quid
404 2321 450 2368 aut
460 2305 516 2387 ipss
528 2317 649 2382 senserit,
666 2321 712 2373 sut
723 2317 835 2378 semisse
847 2316 997 2372 Anatolium
1008 2315 1152 2381 existimet,
1164 2332 1224 2373 eum
1236 2317 1273 2374 sit

99 2403 201 2458 Scotoe
212 2402 366 2474 plerumque
377 2400 475 2472 pascha
486 2401 549 2456 luno
560 2420 617 2461 uu.
631 2407 691 2459 unte
701 2402 872 2472 plenilunium
884 2402 1036 2456 celebrasse.
1056 2401 1116 2456 uuit
1127 2402 1196 2456 enisu
1208 2401 1271 2459 haec

99 2487 257 2558 Theophili,
270 2487 358 2556 epuli
368 2503 398 2542 ue
407 2485 494 2542 Badeo
502 2488 585 2558 ipsius
594 2487 658 2542 odeo
671 2488 812 2552 annuntie,
823 2487 912 2543 iuriam
920 2504 1016 2543 nouam
1024 2488 1123 2545 nuliam
1132 2487 1195 2556 dici,
1207 2507 1272 2556 quae

99 2595 151 2628 nou
165 2586 231 2628 onte
241 2592 358 2628 occasum
370 2575 431 2626 solis
442 2575 612 2638 acuendorum
630 2573 695 2630 sdeo
711 2578 740 2626 ut
757 2574 780 2626 si
795 2577 855 2642 pest
870 2588 991 2629 occasum
1007 2572 1137 2632 denerat
1151 2573 1214 2628 solis
1229 2589 1271 2630 ec.-

99 2677 187 2716 censn
198 2659 247 2724 sit,
265 2657 314 2712 hoo
332 2665 372 2714 eat
388 2675 449 2714 cum
465 2660 520 2714 sole
538 2659 688 2724 coniuncta,
705 2658 810 2714 unsei
823 2655 855 2713 23
872 2655 941 2712 horis
958 2662 1050 2727 postea
1066 2657 1174 2721 luxerit,
1190 2658 1271 2723 illam,

100 2763 186 2818 qnam
200 2744 333 2800 occidente
345 2745 401 2798 sole
412 2743 515 2810 babnnit,
526 2745 727 2814 appellationem
738 2743 855 2802 retineat.
879 2740 913 2794 Ut
922 2741 945 2796 oi
956 2742 1066 2796 subbato
1078 2749 1138 2812 post
1149 2757 1271 2802 ossuum

99 2833 169 2886 nolle
187 2831 336 2884 coniunctio
354 2830 415 2896 fiat,
431 2847 485 2886 nou
502 2835 628 2900 aequente
645 2829 787 2892 dominica,
804 2826 851 2880 sed
866 2827 931 2888 ierit
942 2826 966 2880 2.
981 2827 1120 2885 neomenda
1133 2827 1272 2886 sumenda

99 2919 152 2982 sit,
165 2915 296 2987 quodlib.
306 2915 499 2986 deTomp.Rst.
509 2931 624 2984 capsur.
635 2931 652 2968 a
662 2913 734 2968 lleda
744 2913 868 2970 nuditum
880 2917 920 2969 eet
930 2929 965 2966 ex
975 2913 1148 2972 recentiorum
1159 2914 1271 2970 Alexan·

100 3004 243 3058 drinorum
254 3001 364 3072 placitis.
399 3001 440 3054 lix
453 3017 483 3054 eo
495 3017 584 3070 porro,
602 2999 673 3068 quod
686 2999 824 3056 neomenia
835 3013 1022 3068 nonuunquam
1033 2999 1135 3069 integro
1147 2999 1189 3057 die
1200 3015 1271 3057 eum·

99 3095 238 3152 movetur,
254 3103 361 3142 necesse
375 3093 416 3140 est
426 3093 525 3140 ceteros
537 3085 615 3138 lunne
627 3085 682 3138 dies
693 3085 791 3140 tardius
802 3083 953 3149 succedere,
970 3090 1048 3156 atque
1059 3085 1097 3138 itu
1108 3085 1132 3138 si
1142 3101 1165 3140 e.
1178 3102 1200 3142 c.
1212 3087 1271 3140 sab·

100 3177 168 3228 bnto
180 3173 273 3228 statim
284 3181 345 3243 post
355 3173 418 3228 solis
430 3189 552 3226 occasum
563 3171 736 3242 plenilunium
747 3171 914 3227 commissum
931 3170 977 3235 sit,
993 3171 1165 3242 appellabitur
1179 3170 1272 3229 nihilo-

100 3262 195 3316 minus
208 3265 265 3312 tots
276 3259 322 3312 illa
332 3259 387 3317 dies
403 3277 456 3314 mv.
469 3259 544 3322 luna,
560 3274 613 3312 non
629 3256 815 3328 plenilunium,
832 3256 900 3312 unde
917 3261 943 3310 et
958 3255 1071 3314 summor
1082 3255 1137 3310 dies
1149 3274 1206 3314 nm.
1218 3273 1272 3313 nou

100 3365 159 3402 ιιι.
173 3344 379 3415 computabitur.
408 3344 478 3400 Haeo
489 3343 548 3406 init,
564 3343 603 3398 uti
615 3342 711 3396 dictum
723 3347 774 3406 est,
790 3340 1024 3399 Alexandrinorum
1034 3343 1177 3407 nunnus,
1192 3357 1272 3412 qutun

100 3439 130 3486 st
140 3429 262 3486 Hebraei
273 3429 378 3499 quidam
388 3429 504 3500 amplexi
515 3436 583 3484 runt
607 3427 674 3484 llam
684 3428 711 3482 in
725 3425 819 3484 Glosea
829 3443 887 3498 cop.
895 3444 941 3484 ιιι.
952 3425 1036 3483 urant
1044 3425 1175 3485 liiddusob
1186 3427 1271 3485 Habo-

99 3515 188 3575 doech
204 3522 276 3572 touuo
288 3533 306 3568 ι.
322 3515 368 3571 lad
382 3513 559 3573 Maimonidae
574 3515 661 3570 variae
676 3513 810 3569 doctorum
825 3512 967 3569 uouendas
984 3512 1016 3568 de
1031 3527 1063 3569 et
1073 3529 1102 3566 re
1113 3529 1271 3576 commerue-

98 3611 210 3660 rantur.
242 3599 357 3660 Eandem
369 3616 385 3652 a
395 3599 468 3654 Beda
479 3604 670 3670 propugnatum
688 3603 714 3652 et
725 3615 741 3655 a
751 3598 912 3668 Forooempr.
923 3597 1061 3659 rotonum
1072 3597 1116 3652 lib.
1127 3616 1165 3655 m.
1176 3615 1232 3669 per.
1243 3617 1271 3657 u.

98 3689 230 3760 pluribus
240 3686 335 3740 aenou
349 3685 514 3756 explicatque
525 3685 616 3740 Petrus
626 3684 726 3740 Pitatus
736 3684 829 3739 Veron.
841 3698 898 3754 cup.
909 3701 943 3738 ιν.
955 3688 982 3738 et
990 3701 1033 3738 xv.
1047 3681 1110 3739 Can.
1121 3683 1212 3738 Pnsch.
1225 3683 1271 3740 lic-

98 3775 190 3830 olesia
202 3787 266 3826 vero
278 3769 405 3834 catholice
416 3771 523 3824 minime
534 3771 660 3840 sequitur,
677 3785 743 3838 quae
759 3767 888 3839 paschalis
899 3767 960 3822 festi
974 3769 1111 3824 ratiocinia
1126 3769 1159 3822 ad
1169 3769 1273 3828 ciuilem

98 3877 188 3914 usum
200 3863 229 3912 et
239 3856 401 3926 aequabilem
413 3857 528 3925 cyclum,
540 3873 593 3910 uon
602 3855 635 3908 ad
643 3855 787 3910 mediorum
796 3859 915 3911 motuum
924 3853 1117 3908 obseruationes
1126 3853 1272 3924 adstringit

99 3947 250 4002 Caeterum
261 3959 294 3996 ex
306 3940 355 3998 bac
367 3942 425 4012 ipsa
437 3942 558 4012 opinione
570 3941 687 4011 sequitur
697 3941 787 3994 lunam
798 3957 852 3994 ιιι.
864 3955 1051 4008 nonnunquam
1061 3939 1089 3996 iu
1099 3939 1272 4010 plenilunium

97 4030 239 4094 incidere,
255 4027 288 4080 ob
299 4027 377 4098 idque
388 4027 560 4098 plenilunium
571 4026 640 4096 apud
652 4026 779 4096 quosdam
789 4025 926 4094 scriptores
937 4025 1061 4094 appellari
1072 4043 1126 4080 ιιι.
1160 4023 1234 4088 Quod
1246 4033 1273 4078 et

97 4121 217 4190 propter
234 4113 352 4170 lunarem
366 4113 501 4182 προήγηειν
516 4118 577 4183 post
593 4111 735 4167 Nicsenuur
753 4110 892 4164 concilium
908 4109 1014 4176 socidh,
1031 4115 1091 4180 post
1106 4110 1156 4164 tria
1171 4110 1273 4166 circiter

97 4201 225 4258 sosoma
243 4199 310 4252 Turn
319 4199 388 4254 euim
397 4199 482 4252 aureis
490 4197 605 4250 numeris
615 4196 707 4250 iisdem
716 4196 806 4250 diebus
814 4193 992 4260 haerentibus,
1004 4213 1057 4250 ιιι.
1069 4194 1181 4250 Nicaenu
1191 4196 1272 4266 pleni·

97 4288 214 4345 lunium
226 4291 267 4338 eet
276 4283 359 4349 tacu,
371 4283 448 4354 idque
457 4282 519 4334 κατὰ
528 4280 680 4351 συμβεβηκὸς
693 4282 726 4336 ob
738 4279 880 4350 deoperitur
892 4281 997 4346 sideris;
1009 4297 1069 4334 oum
1080 4280 1178 4350 alioqui
1187 4299 1272 4352 neque

96 4371 286 4446 plenilunium
297 4387 330 4424 ex
343 4369 461 4425 instituto
474 4367 597 4422 ecclesiae
608 4367 734 4422 terminus
746 4383 863 4436 unquam
871 4365 1000 4436 paschelis
1009 4365 1097 4430 fuerit,
1108 4383 1156 4422 neo
1167 4368 1195 4422 in
1207 4385 1271 4424 un.

97 4463 203 4516 lunam
214 4456 324 4510 blatum
335 4453 446 4526 pasus,
458 4469 525 4524 quue
536 4459 576 4508 eet
585 4451 752 4509 hullncimtio
764 4451 892 4522 Scaligeri
902 4467 919 4507 a
930 4450 1019 4506 Olario
1030 4457 1132 4518 nostro,
1149 4459 1175 4508 et
1185 4455 1272 4508 noris·

97 4549 178 4604 sime
189 4558 206 4600 a
219 4540 332 4605 Guldino
344 4539 459 4601 eusdem
471 4540 616 4608 societatis,
626 4539 785 4597 validissime
795 4537 914 4594 roiutata
935 4536 987 4599 Sed
998 4537 1031 4595 ad
1042 4538 1154 4608 priorem
1165 4555 1272 4602 sensam
