3166 5044
1270 237 1320 294 Vll

149 399 198 470 qui
215 397 345 453 annuae
356 396 483 452 Nachcrls
494 396 549 452 lilio
564 396 678 462 oriundi,
696 393 891 462 aitliimebius‚
909 411 943 450 ex
960 409 1017 465 cap.
1028 411 1094 449 xxm
1113 394 1178 449 Gen.
1195 409 1263 449 eom.
1277 393 1318 448 21.

148 485 221 540 llaec
233 501 267 538 ex
278 484 417 548 Hebraeis,
429 498 588 554 quamquam
601 483 675 536 aliter
687 483 761 536 Aban
773 481 852 546 Bere,
868 487 939 535 etex
950 479 1050 534 Latinis
1062 481 1227 550 Hieroymua.
1253 479 1320 534 Nam

149 588 206 624 axx
217 571 313 624 diversi
323 585 430 642 prorsus
441 569 547 622 abeunt
572 567 612 620 Ex
624 568 657 620 iis
669 567 800 637 colligitur
810 567 932 635 Assyrios
944 567 1007 620 elim
1018 567 1135 620 tenuisse
1145 566 1318 636 Babylonem.

149 657 189 708 Ac
201 656 334 710 nonnullis
346 655 432 726 placet
442 651 629 707 Sennacheribl
639 653 751 706 maiores
766 651 929 722 Babylonem
940 653 1082 718 invasisse,
1099 657 1235 723 propterea
1250 651 1320 721 quod

149 743 197 796 lib.
208 761 244 807 rr,
259 742 325 812 Beg.
337 757 394 812 cap.
404 757 474 805 nvn,
486 739 527 793 24.
539 755 586 792 rex
598 737 764 808 Assyriorum
776 737 952 792 Sennacherib
965 737 996 792 de
1008 737 1143 807 Babylone
1156 737 1224 790 etde
1236 735 1320 791 Cutha

149 828 312 897 metensque
328 825 481 896 regionibus
496 825 595 878 incoloa
611 824 758 878 Samariam
773 823 943 878 transtulerit
970 823 1039 878 Saue
1051 823 1257 894 Babyloniorum
1272 839 1320 877 rex

149 913 275 982 Assyrius
287 913 314 966 in
327 911 466 983 Scripturis
477 909 609 964 interdum
620 915 736 977 vocatur,
751 914 779 964 et
789 909 964 980 Babylonium
976 910 1026 964 aub
1038 910 1146 980 Assyria
1157 910 1239 964 iubae
1251 926 1321 964 cern·

149 997 306 1069 prehensam
318 1003 423 1052 auteres
435 1001 497 1050 sunt
508 994 661 1066 geographi

220 1080 449 1153 Ἐπωνοράσθησαν
466 1079 575 1149 πάντες]
600 1079 756 1150 Scytharum
771 1081 885 1136 nominis
902 1081 976 1152 origo
990 1080 1023 1134 ab
1034 1081 1164 1136 Hebraico
1174 1097 1238 1136 rece
1251 1087 1322 1144 nit)

151 1185 212 1223 eum
229 1173 326 1240 puncto
344 1185 444 1233 remos,
462 1167 532 1238 quod
549 1173 590 1221 est
606 1167 751 1230 declinare,
769 1185 868 1222 errore,
891 1167 981 1220 Potest
997 1173 1024 1220 et
1041 1172 1140 1236 anius
1152 1183 1211 1222 curn
1223 1173 1321 1240 puncto

151 1254 245 1308 dextro
263 1254 387 1320 derivari,
404 1253 474 1324 quod
491 1255 637 1306 discurrere
653 1261 678 1305 et
693 1253 856 1306 obambulare
872 1251 1011 1323 significet
1037 1251 1152 1324 Utraque
1169 1256 1241 1308 notio
1258 1253 1322 1324 Scy-

150 1339 390 1410 tharummoribue
408 1340 525 1410 apprime
540 1337 673 1409 congruit:
691 1354 758 1408 quoa
774 1337 922 1408 clariter,
936 1337 1110 1404 errabundos,
1132 1345 1157 1392 et
1175 1338 1322 1410 ἂμαξοβίονς

149 1426 234 1480 fuisse
246 1431 356 1480 constat.
374 1424 426 1480 Sed
436 1440 469 1478 ea
479 1424 601 1478 vocabuli
618 1424 697 1488 ratic,
709 1439 790 1494 quam
801 1421 961 1495 Epiphanius
973 1421 1062 1490 alleri,
1080 1423 1150 1495 quod
1161 1425 1261 1478 scilicet
1272 1423 1321 1476 derb

150 1516 197 1564 τοῦ
209 1509 328 1582 κλίματος
340 1515 384 1563 τοῦ
396 1509 457 1582 πρὸς
469 1509 591 1580 Εὐρώπην
603 1507 635 1570 εἰς
647 1507 731 1561 ’Aaron
743 1509 941 1574 declinaverint,
958 1525 1011 1563 nou
1022 1509 1098 1563 valde
1114 1509 1179 1564 mihi
1189 1511 1322 1582 probatur.

151 1595 243 1666 Neque
255 1597 325 1650 enim
334 1611 424 1650 verum
435 1601 513 1667 puio,
525 1593 682 1665 Scytharum
693 1595 798 1648 nomine
810 1595 908 1666 priscos
920 1593 979 1648 illos
990 1595 1144 1665 insignitos,
1157 1598 1202 1667 qni
1214 1603 1275 1667 post
1285 1597 1323 1650 di-

150 1683 254 1736 lnvium
269 1681 361 1736 turrim
377 1682 450 1735 illam
466 1680 628 1735 architectati
643 1684 713 1736 suut.
740 1678 939 1750 Etymolcgicon
950 1681 1077 1750 Magnum
1093 1681 1235 1749 σκύζεσθαι,
1254 1682 1323 1753 quod

151 1774 193 1822 est
203 1767 282 1821 haeai
293 1773 320 1820 et
329 1767 497 1838 supercilium
508 1764 674 1831 contrahere,
692 1764 759 1836 παρὰ
776 1764 832 1826 τοὺς
849 1763 944 1826 Σκύθας
961 1767 1125 1820 nominatum
1142 1768 1243 1820 scribit:
1260 1783 1323 1838 quo·

151 1853 226 1906 niam
237 1853 354 1906 iracundi
365 1851 488 1923 Scythae.
517 1853 559 1906 un
570 1851 658 1922 petias
670 1849 765 1913 Σκύθας
779 1849 871 1905 Graeci
883 1849 931 1903 dab
943 1855 987 1903 τοῦ
1000 1852 1129 1914 σκύζεσθαι
1142 1853 1323 1906 deduxerunt?

223 1939 268 1990 lini
277 1937 325 1990 derb
336 1939 391 2008 μιᾶς
400 1936 430 2000 εἰς
440 1936 610 2008 ἑβδομήκοντα
620 1936 686 2004 belo]
706 1935 744 1989 De
756 1937 847 1990 eadem
858 1936 1009 2008 linguarum
1021 1939 1191 2008 gentiumque
1204 1938 1324 1992 distribu-

150 2025 225 2078 tione
237 2025 293 2095 agit
305 2023 375 2077 haer.
387 2041 479 2090 aura,
493 2037 557 2090 ‚uae
569 2027 610 2076 eat
621 2020 818 2078 Sethianorom:
831 2023 876 2076 nbi
889 2028 914 2076 et
923 2039 997 2076 narn
1008 2023 1113 2094 linguas
1126 2024 1242 2089 totidem,
1255 2023 1325 2094 qued

153 2109 321 2180 κεραλαιῶται
337 2113 424 2175 eraut,
443 2115 469 2162 et
486 2115 590 2162 autores
608 2108 697 2178 stirpis
714 2106 859 2162 effloruisse
877 2109 945 2163 dicit.
972 2109 1102 2180 vulgatus
1120 2113 1161 2163 est
1176 2109 1218 2163 hic
1235 2107 1325 2163 matri-

153 2213 214 2252 eum
226 2197 376 2266 huguarum
387 2195 597 2266 populorumque
607 2209 746 2258 uumerus,
762 2193 794 2246 de
810 2209 862 2263 quo
879 2193 996 2246 certatim
1013 2193 1166 2266 chronologi
1183 2196 1325 2268 disputant.

153 2281 271 2345 Quorum
283 2281 389 2350 quidem
400 2281 467 2334 ratde
479 2278 543 2334 mihi
554 2295 607 2332 nen
619 2280 683 2332 satis
696 2279 832 2349 explorata
844 2285 965 2350 certaque
974 2280 1088 2346 videtum
1099 2297 1153 2335 non
1165 2282 1242 2335 modo
1255 2281 1325 2352 qued

154 2367 249 2421 Graeci
260 2366 361 2420 codices
373 2383 390 2419 a
400 2365 501 2420 Latinis
513 2371 540 2418 et
550 2365 674 2418 Hebraeis
686 2365 713 2418 iu
724 2381 833 2418 nurnero
851 2364 990 2431 dissident,
1007 2365 1054 2419 sed
1070 2367 1149 2420 etiem
1166 2367 1234 2438 quod
1250 2368 1326 2438 pleri-

154 2469 207 2524 que
219 2451 385 2522 κεραλαιῶται
397 2468 457 2506 curn
469 2451 581 2522 posteris
593 2451 647 2504 auis
660 2465 690 2504 ao
701 2449 762 2504 liliis
775 2451 803 2503 iu
819 2465 958 2503 numerum
973 2461 1121 2508 concentor.
1148 2452 1208 2506 Non
1224 2459 1264 2506 est
1281 2469 1325 2506 an-

154 2546 210 2592 tem
223 2537 344 2592 credibile
353 2537 505 2590 distinctum
517 2537 550 2590 ab
559 2537 591 2590 iis
601 2536 727 2608 populum
735 2551 766 2588 ec
775 2535 892 2606 lingnam
903 2536 963 2590 illos
975 2539 1150 2592 constituisse.
1169 2537 1244 2591 ceree
1256 2538 1326 2590 enirn

155 2624 244 2679 Heben
256 2621 381 2694 analeg
392 2623 485 2692 lingua
496 2621 614 2676 diversus
624 2639 678 2676 nou
689 2621 747 2686 luit,
759 2627 791 2676 ut
801 2623 880 2676 etiam
891 2623 1055 2692 Augustinus
1067 2625 1208 2678 existimat.
1227 2623 1326 2676 Deinde

40 2700 45 2712 '
154 2709 308 2764 chananaei
320 2725 411 2762 omues
422 2709 513 2779 populi
529 2707 628 2762 idioma
644 2722 783 2766 commuue
798 2708 883 2762 sortiti
899 2713 968 2762 suut
994 2710 1086 2780 ltaque
1102 2709 1174 2762 lebat
1189 2709 1235 2762 illa
1252 2725 1326 2764 nrum

153 2795 306 2866 linguarum
316 2794 430 2865 partitio.
448 2793 500 2848 Sed
512 2808 560 2848 nec
571 2794 599 2846 in
611 2810 641 2848 eo
653 2792 772 2846 laborare
784 2791 925 2848 admodum
936 2809 1044 2847 necesse
1056 2799 1104 2860 est,
1117 2795 1262 2848 uttotidem
1273 2795 1325 2848 iilis
1351 2810 1372 2850 e·
1385 2797 1405 2841 i·

153 2879 306 2934 nationibus
318 2877 479 2934 domicilium
491 2878 584 2950 cuique
596 2895 676 2932 anum
687 2893 718 2930 ae
729 2878 864 2948 regionem
876 2879 1051 2949 assignemus.
1078 2879 1109 2934 In
1127 2897 1178 2950 qno
1192 2881 1269 2934 multi
1280 2898 1325 2934 no-

154 2967 259 3020 minum
276 2965 457 3038 similitudines
474 2964 553 3018 nimia
571 2963 709 3018 ambitiose
727 2968 917 3018 consectantur.
952 2964 999 3018 Bet
1015 2966 1085 3019 enirn
1103 2967 1255 3032 verisimile,
1271 2966 1326 3037 ple-

154 3067 252 3122 rosque
268 3051 365 3104 finibus
382 3051 429 3115 lis,
450 3055 517 3120 quoa
536 3055 706 3121 occuparant,
727 3049 825 3103 relictis
846 3065 878 3103 ac
899 3050 1005 3105 sedibus
1027 3053 1078 3105 allo
1100 3069 1157 3106 aeae
1177 3051 1325 3107 contulisse.

154 3137 224 3192 Nam
237 3136 307 3206 quod
317 3136 424 3206 Moyses
436 3139 537 3201 namet,
555 3133 588 3188 ab
600 3133 632 3188 iis
643 3140 803 3206 propagatae
815 3137 1004 3190 emanationes
1017 3155 1121 3204 omnes,
1138 3155 1191 3192 uon
1208 3139 1245 3192 eie
1261 3137 1326 3191 acei-

154 3223 282 3294 pieudum
297 3228 350 3288 est,
366 3228 397 3276 ut
412 3237 457 3274 eas
474 3235 521 3291 per
537 3235 595 3274 aeae
610 3221 724 3292 primum
742 3217 892 3291 reliquisses
908 3223 1029 3293 regiones
1044 3224 1187 3278 insederint
1204 3230 1282 3294 atque
1298 3224 1326 3276 in

155 3323 247 3362 earum
258 3307 454 3378 possessionem
465 3305 558 3376 pedem
569 3307 620 3376 ipsi
630 3307 774 3377 posuerint,
786 3306 832 3359 sed
843 3313 873 3360 ut
884 3321 915 3360 eo
927 3309 1021 3362 saltem
1032 3311 1135 3364 illorum
1147 3311 1245 3381 posteri
1257 3326 1326 3364 oom-

155 3393 304 3466 migrarint
324 3393 421 3446 Verum
432 3391 497 3446 haec
508 3389 636 3451 discutere
647 3391 774 3462 longioris
786 3399 813 3446 et
823 3409 916 3464 operae
928 3400 955 3446 et
965 3395 1071 3448 alterius
1082 3397 1196 3450 instituti
1206 3396 1293 3451 luerit.

229 3479 298 3539 Ψοΐνς
316 3477 346 3530 τὰ
358 3473 542 3547 Ἀξιωρατιιιά]
560 3476 686 3530 Mandane
697 3493 744 3548 pro
754 3475 922 3548 Ἀξονμιτικὰι
940 3484 970 3531 ut
981 3484 1022 3532 eat
1032 3480 1060 3534 in
1072 3480 1255 3535 sethianorum
1266 3480 1327 3534 hae·

156 3568 223 3630 resi;
239 3581 289 3620 nee
299 3565 387 3617 minue
399 3561 590 3617 emendandum
602 3561 677 3634 deire,
694 3579 741 3634 pro
757 3579 809 3634 quo
821 3561 884 3633 ecit
895 3565 1044 3634 legendnm.
1070 3565 1131 3622 Sive
1142 3574 1174 3621 ut
1185 3573 1224 3622 esi
1234 3567 1328 3621 Esaiae

157 3668 214 3723 esp.
227 3669 304 3716 nm,
318 3621 448 3722 rehtu,
461 3647 533 3720 φοιι.
557 3647 740 3702 narremus
752 3649 1084 3707 senseresensere.

226 3735 321 3807 Ῥιγρᾶ
338 3735 378 3788 ael
396 3733 479 3804 Σαβᾶ,
497 3732 582 3801 auid]
603 3733 675 3790 Gerr.
689 3733 834 3802 Bodotriam
852 3736 898 3806 qni
914 3737 982 3790 inter
998 3737 1065 3792 lilios
1084 3739 1154 3794 (ihus
1171 3745 1327 3794 recensetur.

158 3823 206 3878 Pro
220 3820 293 3874 oceo
305 3821 416 3874 tortasse
428 3818 509 3885 hebd,
521 3820 618 3890 quippe
630 3819 744 3890 Λουδιιὶρ
755 3819 822 3872 inter
834 3819 902 3874 filios
913 3822 1049 3877 Mestraim
1060 3831 1238 3880 numerantur.

227 3907 266 3960 Τὰ
277 3907 338 3977 πρὸς
350 3911 379 3976 τῇ
393 3904 514 3977 ραρὰρων
526 3904 619 3977 χώρα]
645 3905 687 3957 Au
699 3901 829 3975 'hpddroei
846 3923 880 3959 an
893 3909 981 3978 petius
993 3907 1168 3980 Γαραμάντων,
1186 3929 1248 3966 uam
1264 3911 1329 3968 haec

157 3995 244 4048 rieina
255 3996 319 4046 aunt
329 3992 445 4044 nomina.
471 3989 519 4043 Bet
531 3990 576 4060 qui
587 3989 732 4060 Begamam
743 3989 901 4057 Ptolemaei,
919 4009 985 4063 quae
1002 4002 1043 4048 est
1058 3997 1085 4049 iu
1098 3997 1193 4051 Arabia
1209 3997 1283 4053 felice
1296 3999 1328 4052 ad

158 4081 261 4152 Regma
271 4076 421 4132 transieram
438 4075 469 4128 de
481 4091 533 4146 qua
544 4074 745 4140 Baccharum,
757 4073 799 4128 tt.
818 4079 938 4142 mnan
957 4086 1035 4142 my
1051 4053 1141 4154 six-q

225 4165 257 4221 N.
270 4181 306 4219 rr.
324 4161 426 4232 Νιβρὼθ
439 4161 486 4232 γὰρ
500 4161 639 4230 βασιλεύει]
666 4159 750 4224 Quem
761 4161 878 4232 plerique
890 4181 981 4219 omues
998 4166 1163 4240 chronologi,
1181 4168 1234 4224 imo
1246 4175 1273 4224 ot
1284 4187 1328 4224 au·

158 4253 224 4324 tiqui
235 4251 338 4313 Patres,
353 4247 447 4302 Belum
458 4246 541 4300 inisse
553 4251 672 4312 censent,
689 4244 834 4315 Babylonis
850 4250 1020 4308 conditerem.
1046 4254 1130 4309 liuius
1145 4257 1229 4311 filium
1247 4259 1329 4311 ussus

158 4336 318 4410 Epiphanius
335 4333 411 4386 iacit:
430 4348 508 4402 quem
526 4331 631 4404 quidem
648 4330 747 4386 Ninum
763 4331 845 4387 luisse
861 4351 909 4403 par
926 4343 979 4402 est,
997 4339 1021 4391 ei
1032 4337 1176 4398 Nembroth
1187 4343 1256 4398 idem
1268 4359 1329 4398 cum

159 4421 222 4477 Belo
234 4421 325 4476 fuerit:
338 4423 365 4472 at
376 4417 467 4473 audem
476 4419 615 4490 utrobique
625 4417 765 4488 colligendi
774 4419 849 4475 satie
867 4420 935 4474 Nam
944 4421 1024 4479 Belua
1032 4425 1195 4499 Babylonem
1204 4429 1329 4494 extruxit,

160 4507 280 4564 eanum
291 4503 412 4562 liiuiteu.
439 4503 520 4576 Atqui
529 4505 643 4576 priorem
660 4519 677 4556 a
693 4501 850 4572 Nembroth,
867 4509 1037 4576 posteriorem
1054 4515 1087 4568 ab
1098 4515 1181 4570 Aram
1197 4513 1329 4570 civitatem
