3104 5038
323 301 421 359 GCGIV

221 469 294 520 otte.
322 457 455 521 violarint,
473 455 563 509 eadem
581 471 633 526 qua
650 455 747 526 digami
763 471 848 526 poena
865 456 1039 510 coerceantur.
1070 457 1183 526 Apparet
1199 455 1469 526 igiturdigetnoeoliu

321 542 466 612 ignominis
477 547 579 594 notatos
592 547 618 594 et
629 541 662 594 ed
676 541 807 612 publicam
823 542 1020 610 poenitentiam,
1038 541 1084 594 sed
1101 557 1157 594 earu
1176 542 1326 612 perbrevem
1343 557 1375 594 ac
1390 541 1469 594 tolera·

322 629 451 692 biliorem,
468 625 602 680 adstrictos
619 627 708 680 luisse.
738 625 793 680 lam
809 641 889 697 snpra
900 625 1012 680 vidimus
1025 643 1104 696 quam
1117 643 1207 680 serere
1218 627 1322 680 concilil
1333 625 1470 680 illiberitani

321 713 421 766 sanctio
434 712 523 776 iuerit,
541 728 601 764 cum
617 713 645 764 in
663 713 793 782 praesenti
811 712 944 782 naufragii
955 713 1098 782 mortisque
1109 713 1223 783 periculo
1235 729 1251 765 a
1263 727 1428 782 quocumque
1440 712 1470 764 be·

321 799 412 868 ptizarl
421 797 552 868 permittit,
564 797 676 867 digamis
685 797 813 850 duntaxat
822 797 946 867 exceptis.
964 796 1015 850 Sed
1024 795 1192 851 nihilominus
1204 799 1231 850 in
1240 798 1378 851 ecclesiam
1389 797 1471 868 recepi

322 889 383 935 sunt
394 883 504 952 digami,
521 883 601 952 etqui
614 899 673 936 cum
685 883 717 935 iis
730 883 920 936 communicare
933 882 1031 935 nollent
1043 899 1089 952 pro
1101 881 1237 936 haereticis
1248 881 1338 938 habiti.
1363 883 1428 936 lliuc
1440 881 1471 934 lli-

321 983 432 1020 caenum
443 967 507 1022 cen.
517 985 572 1021 vra.
588 983 647 1021 cum
659 967 811 1022 Novatianis
828 966 963 1020 haereticis
981 967 1151 1037 professionis
1168 967 1306 1021 formulam
1323 968 1472 1038 praescribit,

321 1053 464 1105 secundum
476 1067 555 1122 quam
566 1059 685 1123 receptos
697 1053 747 1106 illis
760 1053 791 1105 ed
804 1053 939 1106 ecclesiam
951 1057 1045 1122 pateat
1070 1051 1121 1122 Πρὶν
1139 1050 1236 1104 πάντων
1248 1051 1275 1104 bl
1287 1055 1375 1122 τοῦτο,
1392 1053 1471 1122 inquit,

322 1135 480 1208 ὁμολογῆσαι
492 1137 579 1198 αὐτοὺς
592 1136 720 1208 ἐγγράφως
738 1138 862 1210 προςήκει,
880 1136 917 1189 brt
933 1138 1092 1203 συνθήσονται
1108 1138 1148 1189 nal
1165 1134 1358 1203 ἀκολουθήσουσι
1375 1141 1426 1197 τοῖς
1441 1139 1472 1202 τῆς

321 1221 450 1288 υσθολικῆς
460 1223 500 1274 nal
509 1220 671 1288 ἃποστολιιιῆς
681 1221 809 1288 ἐκκλησίας
820 1224 935 1293 δόγμασι,
948 1221 1056 1274 τουτέστι
1066 1221 1106 1274 sal
1116 1223 1227 1292 διγάμοις
1236 1225 1368 1290 κοινωνεῖν,
1381 1222 1421 1274 nal
1432 1225 1472 1280 τοῖς

321 1305 345 1358 ἐν
357 1311 394 1377 τῷ
407 1308 511 1378 διωγμῷ
524 1309 757 1377 παραπεπτωκόσινε
788 1309 855 1359 Ante
866 1312 951 1360 omnia
962 1311 1057 1377 scripto
1066 1311 1184 1378 profiteri
1193 1309 1252 1360 illos
1262 1317 1366 1378 oportet,
1383 1325 1472 1360 consen·

321 1410 395 1444 curor
409 1411 435 1445 ee
453 1403 527 1462 atpue
543 1396 701 1462 amplexuros
717 1393 860 1446 catholicae
875 1403 899 1446 et
915 1395 1070 1462 apostoticae
1082 1395 1204 1446 eccleciae
1216 1395 1350 1462 depacta,
1368 1397 1472 1444 nimie-ua

321 1486 349 1528 ut
359 1495 414 1529 curn
426 1480 537 1546 dipame'e
549 1484 727 1531 communicent
746 1475 836 1548 iisque,
854 1484 897 1548 qui
912 1481 939 1529 in
951 1481 1125 1547 persecutione
1138 1480 1208 1548 lapsi
1217 1487 1280 1530 aunt.
1312 1477 1366 1531 Sed
1377 1477 1472 1548 quinam

321 1562 420 1632 digami
430 1563 468 1616 illi
479 1563 575 1616 tuerint
587 1564 726 1633 quaeritur.
757 1562 825 1616 Nam
836 1563 1035 1616 iurisconsultus
1054 1563 1172 1633 quidam,
1189 1564 1235 1634 qui
1251 1564 1278 1616 in
1295 1579 1425 1615 monum
1441 1577 1473 1614 ec·

321 1647 416 1702 etesiae
428 1648 542 1702 codicem
554 1654 630 1702 notas
643 1648 734 1712 edidit,
750 1649 829 1718 vulgo
845 1647 898 1701 iere
914 1649 1033 1719 ignotum
1046 1665 1104 1702 esse
1116 1649 1185 1701 dicit
1213 1649 1272 1719 lpse
1284 1654 1372 1701 autem
1383 1653 1434 1700 tres
1445 1647 1474 1698 di·
1535 1695 1536 1708 ,

321 1733 424 1802 gumiae
440 1735 540 1804 species
558 1734 679 1804 explicat.
710 1733 796 1786 Prima
807 1739 848 1786 est
859 1749 918 1786 cum
931 1733 1022 1787 eodem
1033 1740 1147 1805 tempore
1159 1733 1234 1787 binas
1246 1749 1342 1787 uorsa
1354 1733 1473 1804 quispiam

320 1817 409 1882 habet,
427 1819 496 1888 quod
514 1819 576 1872 olim
593 1819 695 1872 ludaeis
713 1819 824 1883 licitum,
841 1818 965 1872 Romame
977 1819 1078 1890 legibus
1090 1819 1248 1890 prohibitum
1260 1819 1317 1872 tuit
1345 1819 1433 1872 Altera
1443 1825 1474 1869 est

320 1919 380 1956 cum
397 1905 455 1974 quie
472 1910 555 1958 morte
572 1905 665 1974 prioris
683 1904 802 1974 coniugis
817 1905 903 1957 soluto
914 1905 1080 1958 matrimonio
1091 1903 1218 1957 secundas
1229 1905 1334 1974 nuptias
1345 1901 1474 1957 contrahit

320 1989 419 2054 Tertia,
437 2006 515 2059 quam
527 1991 606 2059 vulgo
622 1989 741 2060 igneum
757 2005 814 2042 esee
826 1989 929 2053 statuit,
947 1995 987 2042 est
1004 2005 1064 2043 cum
1081 1995 1156 2043 extra
1172 2005 1291 2043 caussam
1309 1989 1427 2041 adulterii
1443 2005 1475 2040 re·

320 2074 427 2144 pudiata
438 2076 548 2144 coniuge
564 2075 645 2127 altera
661 2074 877 2144 superinducitur.
907 2073 972 2127 Cum
990 2076 1060 2128 enim
1072 2077 1157 2128 variae
1174 2074 1276 2128 divortii
1293 2089 1403 2127 caussae
1420 2074 1475 2126 citra

320 2159 474 2212 adulterium
486 2161 584 2213 saeculi
594 2161 697 2229 legibue
709 2160 771 2213 olim
782 2165 900 2230 receptae
913 2159 1019 2225 inerint,
1032 2177 1164 2230 nunquam
1177 2160 1287 2213 ecclesia
1298 2161 1357 2213 illas
1370 2159 1475 2211 admisit.

321 2243 447 2306 Quocirca
463 2245 508 2314 qui
525 2245 583 2296 aliis
601 2244 632 2297 de
649 2245 748 2298 caussis
766 2261 845 2314 qnam
861 2249 965 2316 propter
980 2245 1134 2299 adulterium
1147 2261 1228 2299 uxore
1240 2245 1349 2298 dimissa
1360 2261 1418 2297 cum
1431 2244 1476 2296 alis

321 2329 473 2398 coniugium
490 2330 612 2395 sociaret,
629 2329 683 2394 hic,
702 2331 739 2382 ait
757 2330 955 2384 iurisconsultus
971 2331 1028 2396 ille,
1046 2329 1167 2400 digamus
1184 2331 1339 2384 censebatur
1354 2331 1430 2399 eique
1440 2343 1475 2380 ca·

321 2415 416 2467 nonica
432 2415 477 2490 illa
493 2415 603 2478 mulcta,
621 2415 695 2468 cuius
712 2413 865 2470 Neocaeser.
879 2421 904 2469 et
920 2415 1025 2471 Laudic.
1038 2415 1224 2480 meminerunt,
1241 2416 1413 2485 irrogabatur.
1440 2413 1474 2466 Er

320 2500 499 2569 quaeratione
516 2501 633 2572 sequitur
650 2499 770 2570 digamos
788 2501 859 2565 illos,
877 2502 921 2570 qui
938 2505 1041 2554 mortua
1058 2501 1169 2570 coniuge
1186 2501 1261 2554 alteri
1277 2517 1306 2554 ee
1324 2501 1475 2570 copularent,

320 2585 432 2638 mulctae
440 2583 516 2638 buius
526 2591 646 2655 expertes
655 2585 744 2638 iuisae.
762 2585 814 2639 Sed
823 2585 886 2638 haec
896 2585 1026 2655 digamiae
1035 2601 1132 2655 genera
1142 2587 1192 2640 trie
1203 2601 1287 2656 neque
1299 2586 1392 2654 ignota
1402 2585 1474 2652 vulgo

319 2677 405 2734 erant,
421 2687 505 2740 neque
522 2671 554 2724 ad
570 2687 624 2724 rem
636 2672 776 2742 pertinent,
793 2677 945 2740 constetque
957 2671 989 2724 ad
1001 2677 1145 2741 postremos
1157 2673 1216 2726 illos
1228 2671 1347 2740 digamos
1358 2677 1411 2723 tres
1421 2669 1474 2722 illos

319 2755 426 2808 totidem
443 2757 612 2810 conciliorum
629 2757 722 2810 citatos
739 2772 851 2809 canones
869 2755 1003 2826 pertinere.
1033 2755 1099 2810 Nam
1110 2756 1284 2810 laodicenum
1297 2757 1415 2825 digamos
1427 2771 1474 2816 cos,
1534 2763 1535 2832 γ

319 2841 351 2892 de
369 2842 463 2910 quibus
481 2843 604 2910 loquitur,
622 2841 736 2912 appellat
751 2839 881 2910 ἐλευθέρως
897 2841 937 2892 nal
953 2841 1062 2912 νομίμως
1079 2841 1241 2910 συναφθέντος
1253 2841 1372 2910 δευτέροις
1384 2838 1473 2910 γάμοις,
1534 2837 1535 2840 ’

320 2927 428 2992 lepitana
441 2945 473 2978 ac
485 2928 563 2979 libere
574 2929 691 2979 secandis
702 2931 797 2995 nuptiis
808 2928 932 2994 liliputer,
949 2925 998 2979 hoc
1014 2931 1065 2990 eat,
1082 2928 1127 2996 qui
1143 2927 1248 2980 licentia
1259 2931 1285 2979 et
1295 2925 1419 2980 facultate
1429 2923 1472 2976 sibl

320 3025 336 3062 a
348 3009 448 3063 Christo
461 3017 487 3064 et
498 3013 607 3065 ecclesia
618 3027 743 3065 concessa
754 3012 795 3064 usi
806 3009 892 3064 ioreut
908 3011 1003 3081 quique
1014 3011 1040 3064 id
1052 3012 1168 3082 legitime
1180 3012 1308 3066 iecismnt.
1342 3011 1372 3064 ln
1383 3027 1432 3081 quo
1443 3009 1471 3060 ri·

320 3095 405 3148 dicula
416 3104 457 3149 est
467 3097 643 3150 iurisconsulti
654 3098 795 3167 expositio,
812 3095 920 3166 νομίμως
937 3095 1004 3149 idem
1021 3113 1077 3149 esse
1093 3113 1122 3149 ac
1134 3099 1266 3150 secundam
1280 3099 1344 3165 lepis
1355 3097 1471 3147 humanae

321 3183 458 3234 licentiam.
481 3179 570 3252 Neque
582 3183 651 3235 enim
663 3182 853 3234 ecclesiasticus
864 3181 907 3233 ille
919 3187 1023 3250 patrum
1035 3197 1172 3235 concessus
1184 3182 1293 3251 νομίμως
1305 3182 1365 3234 iniri
1376 3179 1471 3249 nuptias

320 3266 377 3318 illae
389 3266 511 3331 ediceret,
523 3283 587 3337 quas
598 3267 669 3320 nullo
681 3267 758 3320 modo
769 3267 854 3319 licitae
865 3281 949 3336 neque
960 3271 1030 3320 ratas
1042 3283 1099 3320 esse
1111 3273 1288 3338 cognosceret
1320 3265 1419 3320 Etenim
1431 3263 1470 3333 qui

320 3350 383 3402 citra
395 3351 549 3405 molanum
561 3353 625 3405 elias
638 3352 671 3404 ob
683 3365 802 3416 caussas,
820 3355 923 3421 propter
939 3365 1006 3422 quae
1022 3351 1160 3406 divortium
1173 3352 1257 3406 iacere
1268 3351 1429 3422 imperatoris
1440 3350 1470 3402 le·

320 3436 398 3504 gibus
409 3435 449 3488 tes
461 3441 508 3502 est,
520 3453 630 3491 uxorem
641 3437 768 3490 dimiserit
779 3437 909 3506 aliamque
919 3436 1028 3501 duxerit,
1040 3437 1066 3489 in
1079 3437 1170 3491 eadem
1181 3453 1240 3491 cum
1251 3437 1375 3490 adultera
1386 3447 1470 3489 cenea

320 3520 444 3573 molestae
455 3521 550 3574 iudicio
563 3521 717 3592 decretoque
729 3526 855 3586 vomatur,
871 3537 956 3591 neque
968 3527 1013 3574 aut
1023 3523 1074 3574 leri
1084 3523 1242 3592 poenitentia
1252 3521 1361 3592 defungi
1372 3523 1469 3592 putenm,

319 3610 366 3658 aut
376 3607 450 3658 aliter
462 3621 539 3676 quam
552 3605 651 3660 dissuto
663 3607 804 3677 posteriore
820 3606 961 3676 illicitoque
977 3607 1145 3660 contubernio
1161 3607 1233 3660 illam
1244 3607 1330 3677 ipsam
1341 3609 1470 3677 impetrare

319 3690 514 3761 poenitentiam.
539 3689 762 3755 Quemadmodum
773 3691 892 3756 devotae,
904 3690 953 3744 boc
965 3697 1005 3744 est
1016 3703 1083 3761 quae
1094 3707 1122 3744 se
1134 3693 1181 3745 deo
1193 3699 1416 3757 consecraverant,
1425 3691 1469 3744 rir-
1533 3675 1534 3700 ¹

319 3775 394 3845 gina
407 3781 452 3828 aut
464 3775 564 3842 viduae,
575 3782 600 3829 ei
610 3781 727 3830 κοτίνοιο
740 3781 903 3846 accepissent,
915 3793 964 3829 non
975 3778 1173 3830 admittebantur
1183 3779 1221 3829 ad
1227 3782 1416 3847 poenitentiam,
1427 3779 1471 3826 nisi
1533 3787 1534 3836 1

319 3861 405 3914 eatae
415 3864 471 3930 ipso
481 3865 578 3915 meante
590 3867 682 3915 marito
702 3871 772 3914 caete
787 3865 872 3914 cicere
885 3867 1035 3931 coepissent,
1051 3871 1098 3914 ant
1109 3871 1242 3932 postquam
1258 3865 1313 3932 ipae
1326 3863 1471 3922 deceuimt,
1533 3881 1534 3902 ι

319 3947 356 3998 ait
370 3945 525 3999 Toletanum
537 3965 555 4001 r.
573 3947 698 4000 danaen
711 3953 738 4000 et
748 3963 804 4010 xix,
832 3946 912 4016 Atqui
930 3947 1049 4016 digamos
1066 3947 1130 4000 istos
1147 3945 1322 4001 laodicenum
1340 3947 1470 4001 eoncdiurn

319 4031 390 4082 brari
400 4037 516 4102 tempore
527 4025 711 4101 poenitentiam
725 4032 796 4085 obire
807 4032 906 4096 statuit,
917 4031 1059 4084 Nicaenum
1068 4047 1129 4085 vero
1141 4031 1305 4097 Neratianls,
1316 4038 1347 4085 ut
1357 4047 1416 4086 eum
1425 4031 1471 4084 illia

235 4153 241 4164 .
287 4153 293 4166 .
318 4115 473 4169 nominatim
484 4117 718 4171 communicaturos
731 4133 759 4170 ee
771 4133 829 4169 esse
840 4115 1017 4186 profiteantur,
1035 4117 1119 4170 edicit
1148 4117 1222 4181 Quod
1238 4117 1355 4188 proiecto
1372 4135 1422 4170 nou
1438 4115 1471 4167 fa·

318 4206 396 4266 ceret,
408 4202 430 4254 si
442 4201 605 4271 digamorum
618 4203 722 4255 nomine
733 4199 880 4270 flagitiosos
891 4202 950 4255 illos
962 4219 992 4254 ac
1003 4201 1098 4255 iudicio
1110 4203 1234 4255 ecelesiae
1245 4201 1366 4256 adulterii
1374 4203 1470 4256 damna·

319 4291 360 4341 tos
369 4288 546 4342 intellexisset.
564 4287 711 4350 Praeterea,
721 4292 752 4338 nt
760 4303 838 4356 quam
848 4287 961 4340 absurda
969 4288 1003 4339 sit
1011 4303 1046 4341 ro.
1056 4288 1186 4340 saumatis
1194 4287 1339 4341 evidentius
1348 4291 1470 4359 appareat,

319 4372 342 4424 si
353 4373 379 4424 in
391 4373 435 4424 illo
445 4373 550 4426 Nicaeui
560 4373 662 4425 concilii
672 4387 769 4424 canone
779 4371 875 4440 digami
887 4377 956 4436 sunt,
969 4373 1013 4442 qui
1023 4377 1113 4425 contre
1122 4373 1311 4426 ecclesiasticas
1322 4374 1470 4430 sancdones,

319 4455 368 4510 hoc
379 4463 427 4520 est,
438 4463 467 4509 ut
477 4459 533 4526 ipse
545 4473 604 4510 curn
612 4457 771 4510 calvinianis
780 4457 920 4520 existimat,
931 4457 996 4510 citra
1007 4473 1125 4510 caussam
1136 4457 1255 4514 adulterii
1267 4457 1301 4511 ob
1313 4475 1359 4512 eas
1370 4471 1469 4512 caumes

320 4540 351 4592 de
363 4539 458 4608 quibus
469 4540 607 4594 divertium
620 4542 717 4594 camuli
732 4543 804 4610 leges
821 4541 957 4610 indulgent
973 4543 1107 4612 repudiata
1123 4543 1208 4614 priore
1224 4543 1334 4600 aaran
1350 4543 1401 4608 sibi
1415 4555 1469 4595 eos·
