3126 5046
1156 325 1282 384 ocium

112 487 152 538 tot
163 484 288 538 sedecias
299 499 316 536 a
327 483 454 538 catholice
466 484 649 538 commuuione
661 483 828 549 discinderet,
840 497 901 538 cum
909 489 1088 538 sntecemoree
1097 482 1208 536 Romani
1216 499 1281 552 pou·

113 569 198 622 tiiices
210 585 270 622 cnm
281 569 386 623 illorum
398 569 527 640 episcopis
538 585 629 640 pacem
642 570 856 640 concordiamque
866 569 1018 624 tenuissent.
1036 567 1104 622 Nam
1115 568 1281 634 ethuicetne,

113 653 184 718 Pius,
195 655 323 724 Hyginus,
335 654 509 724 Telesphorus
518 660 543 708 et
551 656 653 724 Xystus
664 653 719 707 cire
731 654 800 707 edroi
809 653 928 724 ἐτήρησαν
938 654 1282 724 (Asiaticamludaicamquc

113 740 350 807 consuetudinem),
360 737 416 792 οὔτε
422 737 570 810 μιτάὖτοὶις
579 737 718 810 icirpreror.
731 741 764 794 Et
772 739 941 794 nihilomiuus
950 741 1024 794 aliter
1032 740 1202 794 sentientibus
1211 756 1281 792 com·

112 825 265 879 munionem
274 825 464 896 immrticbsut.
476 826 545 878 llaec
552 825 681 880 Eusebius
690 843 723 880 ex
729 827 849 880 Irenaeo:
859 826 954 896 quibus
961 824 1133 894 Scaligeriani
1142 825 1282 878 commenti

112 909 217 964 falsitas
226 911 362 980 detegitur,
374 927 426 980 qno
437 919 541 964 centum
551 917 611 982 post
619 913 752 982 apostolos
761 912 838 966 aunis
846 911 984 964 ecclesiam
992 909 1095 963 iudaice
1104 908 1203 980 pascha
1210 927 1281 980 pere·

112 995 186 1062 gisae
198 995 332 1050 confinxit.
350 995 442 1066 Coepit
454 997 524 1050 enirn
536 997 627 1050 Sixtns
639 997 745 1050 Traiani
756 1003 885 1068 tempore,
897 997 966 1050 circa
977 1011 1076 1050 anuum
1088 995 1184 1048 Christi
1193 1010 1280 1059 cxxx,

112 1097 167 1134 uon
179 1081 269 1150 utique
282 1087 386 1136 cautum
398 1081 475 1135 anuis
486 1087 547 1152 post
558 1084 704 1152 apostolos,
722 1083 767 1153 qui
784 1088 872 1136 tameu
890 1097 975 1151 neque
991 1082 1047 1152 ipss
1061 1081 1165 1134 ludaico
1176 1080 1280 1134 functus

112 1172 166 1230 est,
185 1183 270 1236 neque
286 1183 451 1220 successores
468 1184 530 1220 suos
547 1167 624 1238 iungi
640 1168 729 1222 uoluit.
764 1168 842 1222 Addit
859 1167 965 1237 quidem
976 1167 1098 1220 lreuaeus
1109 1165 1282 1236 Polycarpum

112 1267 145 1304 ea
156 1258 258 1306 mutere
270 1252 385 1306 uoluisse
397 1268 464 1322 quse
476 1269 492 1306 a
503 1251 600 1306 Ioanne
612 1259 638 1306 et
649 1253 756 1307 caeteris
769 1253 895 1322 apostolis
907 1251 1040 1315 didicerat,
1052 1253 1209 1322 quibuscum
1221 1267 1281 1304 con-

112 1343 242 1392 suerent.
264 1337 361 1391 Vernm
372 1339 551 1408 apostolorum
563 1339 667 1392 nomine
680 1355 724 1392 eoe
737 1339 863 1408 appellet,
876 1338 920 1407 qui
933 1337 1052 1407 discipuli
1065 1335 1159 1390 Christi
1169 1338 1281 1402 inerant,

112 1429 159 1476 ant
176 1423 210 1476 ab
228 1423 353 1492 apostolis
370 1423 471 1476 eruditi.
506 1423 573 1476 Nam
589 1439 649 1476 cum
666 1441 718 1478 uuo
735 1423 864 1476 duntaxat
879 1423 997 1494 apostolo
1016 1422 1110 1476 loauue
1121 1422 1280 1493 Polycarpus

112 1509 212 1562 versari
229 1509 321 1578 potuit.
355 1507 461 1562 Petrum
474 1513 542 1562 certe
555 1509 716 1578 Paulumque
728 1525 813 1579 neque
824 1508 911 1561 ridere
925 1509 1024 1578 potuit,
1039 1525 1124 1578 neque
1142 1509 1281 1578 quicquam

113 1594 146 1648 ab
158 1594 212 1647 illis
223 1593 348 1648 traditum
360 1594 484 1664 accipere.
520 1593 694 1658 Quamobrem
710 1600 739 1647 ut
750 1595 887 1658 loannem,
905 1599 951 1646 eut
963 1609 1062 1663 pancos
1073 1593 1179 1664 insuper
1191 1611 1225 1646 err
1237 1593 1281 1646 do·

112 1680 179 1734 mini
194 1679 327 1749 discipulis
344 1678 447 1734 ludaice
464 1679 561 1749 pascha
577 1680 710 1750 peregisse
727 1679 882 1732 coucedatur
899 1679 927 1732 in
938 1678 1002 1732 Asis
1016 1681 1178 1748 (quanquam
1195 1678 1225 1730 de
1241 1678 1282 1732 lo·

114 1779 182 1818 auus
200 1771 281 1834 neget
296 1765 366 1820 istud
383 1765 411 1818 in
429 1764 770 1820 Tesserescaedecatiterum
788 1763 889 1818 haeresi
900 1761 1077 1816 Theodoretus
1094 1769 1121 1816 et
1137 1761 1280 1816 haereticos

112 1849 179 1902 istos
191 1865 326 1920 perperam
337 1851 408 1904 illine
420 1855 536 1904 mentem
548 1851 681 1920 accepisse
694 1849 791 1918 doreti:
806 1849 852 1902 ssd
864 1855 893 1902 ut
903 1850 941 1902 ite
951 1849 1075 1902 loannem
1087 1849 1173 1918 egisse
1184 1847 1282 1918 pascha

112 1949 166 1988 nou
178 1933 332 2000 inficiemur,
344 1953 397 1990 uou
410 1936 518 1990 dubium
529 1941 618 1988 tamen
633 1941 685 2000 cst,
704 1935 767 2004 quin
784 1935 858 1988 aliter
875 1935 987 2004 apostoli
1004 1934 1100 1986 caeteri
1112 1951 1143 1986 ao
1155 1934 1282 2004 discipuli,

113 2035 256 2088 eorumque
268 2020 398 2090 principue
409 2022 500 2074 Petrae
512 2038 543 2074 ac
554 2021 652 2074 Paulus
665 2036 725 2074 cum
741 2020 929 2074 celebraverint
944 2019 1007 2090 ipsi,
1023 2023 1079 2072 tum
1097 2019 1281 2072 celebrandum

113 2103 235 2174 deinceps
247 2105 383 2160 edixerint
414 2105 494 2160 Cuius
506 2107 543 2160 rei
555 2112 711 2176 argumento
724 2105 857 2175 estquod,
869 2111 899 2159 ut
911 2104 1097 2160 Constantinus
1109 2105 1136 2158 iu
1149 2105 1282 2174 superiore

112 2189 225 2258 epistola
240 2197 266 2242 et
276 2189 406 2244 Eusebiae
423 2192 501 2245 citato
517 2192 574 2246 loco
592 2197 753 2256 memorant,
771 2197 841 2245 totus
858 2207 925 2261 poue
936 2197 1063 2244 terrarum
1076 2191 1158 2254 orbis,
1175 2187 1224 2243 hoc
1242 2197 1283 2243 est

112 2281 214 2344 praeter
222 2275 334 2330 Asianos
346 2283 372 2330 et
383 2292 481 2347 paucos
493 2277 592 2348 aliquot
603 2278 748 2348 episcopos,
761 2275 902 2331 catholicas
913 2293 944 2330 ac
956 2276 1089 2330 Romanae
1102 2276 1283 2330 consuetudini

111 2361 230 2414 eerrirn.
266 2359 338 2414 Unde
349 2363 458 2431 planum
470 2367 510 2415 est
520 2363 642 2416 eccleciae
654 2363 730 2427 istas,
747 2380 825 2433 quem
842 2379 858 2415 a
874 2363 1012 2433 primaeui
1024 2361 1124 2431 origine
1137 2362 1207 2414 stab
1219 2378 1281 2432 spo·

112 2445 188 2498 stolis
199 2445 232 2498 iis
244 2461 261 2499 a
272 2446 367 2516 quibus
380 2453 454 2502 eraut
464 2447 588 2501 fundatae
599 2449 677 2502 ritum
691 2456 858 2519 acceperant,
869 2465 928 2502 eum
942 2454 1065 2518 perpetuo
1078 2463 1203 2500 servasse.
1233 2445 1280 2500 So·

112 2535 196 2584 crates
209 2546 270 2586 rero
282 2531 345 2601 quid
357 2548 435 2602 super
450 2549 482 2586 es
498 2549 525 2586 rs
543 2532 696 2604 prodiderit,
713 2549 773 2604 pag.
787 2533 845 2588 295.
862 2533 1007 2588 retulimus.
1041 2532 1107 2585 linic
1125 2539 1151 2584 et
1168 2531 1280 2584 Eusebio

113 2621 290 2670 consentanea
301 2617 391 2670 scribit
406 2616 566 2688 Nicephorue
583 2618 628 2672 lib.
641 2637 677 2672 rv.
695 2635 752 2688 cap.
765 2637 855 2674 rrxrr.
874 2624 901 2672 et
917 2617 962 2672 lib.
975 2635 1020 2672 xrr.
1039 2633 1095 2686 cap.
1108 2633 1203 2670 xxunr.
1227 2615 1280 2670 Nec

113 2701 185 2754 aliud
202 2702 322 2766 omnino,
340 2718 419 2772 quem
438 2703 507 2772 qnod
524 2704 670 2773 superiores
687 2704 744 2767 isti,
762 2704 793 2755 de
809 2703 988 2758 Romauomm
1003 2702 1037 2754 ab
1049 2701 1174 2770 apostolia
1186 2699 1282 2754 tradita

112 2787 302 2842 cousuetudine
316 2788 438 2858 disputet.
474 2787 558 2852 Quare
575 2787 708 2842 manifesti
725 2805 783 2840 ecse
801 2787 929 2842 mendacii
946 2787 1051 2856 alligat,
1068 2786 1114 2854 qui
1131 2785 1281 2850 Eusebium,

110 2869 286 2942 Nicephorum
299 2881 325 2926 et
336 2873 538 2928 ecclesiasticam
548 2879 662 2926 retorem
670 2871 807 2926 historiam
818 2872 852 2926 sd
861 2873 953 2926 erroris
965 2873 1007 2926 sui
1015 2871 1189 2942 patrocinium
1201 2885 1280 2926 ausus

112 2963 153 3010 est
163 2957 301 3014 adducere.

111 3111 327 3168 OSTENDITUR
346 3113 395 3168 Ex
416 3111 685 3168 SCALIGERIANAE
705 3111 899 3166 DOCTRINAE
919 3109 1094 3166 l‘RlNClPllS
1114 3109 1282 3177 QUANTUM
1308 3131 1381 3183 pier.

173 3201 196 3252 Δ
214 3198 332 3254 8Ε1Ρ80
350 3199 383 3253 IN
402 3195 885 3252 TESSARESCAEDECATITARUM
903 3198 1010 3254 CYCLO
1029 3197 1217 3252 DISSIDEAT.

178 3301 269 3370 Pergit
287 3301 406 3372 Scaliger
422 3311 449 3356 et
459 3301 753 3356 Teseareeesedecstitse
770 3301 829 3356 illos
842 3303 993 3366 asserit,·ut
1004 3308 1029 3356 et
1041 3302 1187 3372 apostolos,
1206 3301 1279 3370 cyclo

108 3403 180 3440 ruere
191 3386 299 3442 ludaico
311 3403 373 3440 usos
385 3403 456 3451 esse,
468 3393 494 3440 et
506 3404 539 3440 ex
551 3387 657 3458 periodo
666 3387 843 3452 Alexandrea,
855 3389 909 3440 sire
919 3388 1064 3458 Calippica,
1077 3387 1222 3456 desumpto.
1240 3386 1280 3440 Ex

111 3489 162 3540 quo
175 3472 288 3543 contigit
299 3479 327 3525 nt
337 3473 468 3527 interdum
483 3478 538 3525 toto
556 3489 646 3526 meuse
663 3489 678 3526 a
695 3471 823 3526 catholico
840 3471 962 3542 paschate
974 3477 1089 3526 rstemm
1106 3473 1209 3526 illorum
1226 3479 1279 3526 tam

110 3557 453 3612 Teessrescaedecatiterum
463 3573 542 3627 quem
552 3557 631 3610 etiam
640 3558 818 3627 apostolorum
827 3556 924 3627 pascha
935 3557 1055 3622 differret,
1067 3558 1134 3610 utin
1146 3559 1281 3628 cyclorur.

110 3651 137 3697 et
148 3661 204 3698 xrs.
239 3641 306 3696 Nam
324 3659 384 3696 cour
402 3643 465 3696 suni
481 3643 518 3696 illi
535 3643 562 3696 iu
577 3642 682 3696 ludaico
694 3643 766 3713 cyclo
780 3659 933 3697 communes
945 3644 1010 3707 siut,
1028 3643 1055 3696 iu
1067 3643 1181 3696 Nicaeuo
1193 3649 1281 3696 autem

110 3728 216 3800 etapud
226 3729 417 3782 Alexandrinos
427 3745 458 3781 ac
467 3727 607 3782 catholicos
617 3729 796 3793 embolimaei,
808 3729 1107 3782 Tesearescaedscatitse
1123 3733 1149 3780 et
1158 3729 1203 3798 qui
1212 3729 1281 3797 ipso·

109 3831 170 3868 rum
185 3813 266 3866 ritum
288 3813 403 3884 amplexi
419 3819 481 3866 eunt
496 3813 524 3866 iu
542 3813 624 3866 Nissu
642 3813 747 3868 ludaico
764 3813 862 3884 pascha
879 3813 1058 3876 celebrabant,
1074 3814 1167 3882 reliqui
1180 3813 1208 3865 iu
1220 3812 1279 3867 liar.

111 3898 184 3962 Quae
197 3913 257 3952 curu
268 3900 362 3950 asserit
374 3897 499 3968 Scaliger,
515 3899 548 3952 iie
564 3899 627 3970 ipsis
644 3905 820 3952 consentanea
831 3899 945 3968 loquitur
958 3915 1024 3969 quae
1036 3899 1134 3969 passim
1147 3903 1173 3950 et
1184 3898 1281 3967 ubique

110 3983 254 4054 praedicat,
271 3983 381 4036 ludaeos
399 3983 483 4036 tribus
499 3983 553 4036 iere
570 3991 630 4038 aute
644 3982 775 4037 Christum
792 3985 915 4048 saeculis,
932 3983 1092 4053 totidemque
1110 3989 1169 4053 poet
1185 3983 1281 4052 ipsum,

111 4068 273 4139 Calippicsm
285 4068 471 4122 caniformem
483 4075 509 4122 st
520 4069 624 4138 cyclum
633 4069 825 4124 Alexandream
837 4069 870 4122 ed
879 4069 1031 4139 popularem
1042 4085 1120 4122 usum
1132 4067 1282 4122 adscivisse.

110 4155 165 4208 llos
175 4170 237 4206 rero
246 4153 323 4222 plane
332 4169 390 4206 esee
407 4153 547 4208 confictum
560 4170 589 4208 ao
601 4155 658 4208 siue
670 4155 724 4208 ulls
736 4155 835 4208 ratione
848 4161 943 4208 temere
956 4154 1096 4217 creditum,
1110 4154 1137 4206 iu
1154 4153 1281 4224 superiori

112 4241 144 4292 de
156 4255 227 4292 auno
240 4238 385 4292 dominicas
397 4239 529 4309 passionis
542 4239 653 4294 diatriba
665 4239 913 4304 demonstrauimus,
928 4239 1048 4309 idemque
1065 4239 1195 4308 copiosius
1207 4239 1280 4302 eliae,

112 4325 160 4380 deo
172 4325 291 4389 iurante,
307 4323 440 4378 confutare
452 4325 621 4378 decrevimus.
657 4324 709 4378 Sed
721 4325 825 4378 utillud
837 4325 913 4380 modo
926 4325 1060 4394 Scaliqsro
1073 4323 1236 4389 coucedatur,
1248 4341 1280 4378 ex

111 4427 143 4464 eo
155 4410 273 4480 proiecto
286 4411 445 4464 contrarium
457 4411 513 4462 siue
526 4410 651 4480 sequitur,
667 4411 736 4480 quod
752 4418 779 4462 et
790 4427 880 4464 rerum
893 4417 933 4464 est
943 4416 970 4464 et
981 4411 1014 4464 ab
1026 4409 1117 4464 eodem
1129 4409 1281 4476 affirmatur,

111 4495 222 4550 Iudaeos
231 4511 261 4548 sc
271 4495 567 4549 Tesserssceedscatitar
579 4495 652 4563 cyclo
663 4513 718 4550 rur.
732 4513 762 4549 ac
776 4513 830 4550 urs.
842 4511 1007 4550 communem
1019 4512 1117 4548 aunum
1126 4501 1279 4565 usurpantes

111 4581 211 4652 pascha
223 4589 283 4636 aute
296 4581 489 4651 eequiuoctium
501 4579 635 4634 indixisse.
670 4581 722 4636 Cur
734 4581 804 4636 enim
816 4579 937 4636 catholici
953 4581 1032 4652 cyclis
1049 4581 1113 4647 illis,
1130 4581 1279 4636 intercalato
