3138 5044
304 329 369 395 0th
1564 351 1565 400 l

304 492 670 564 ogdoacontatessaraiterldis
680 495 811 565 sequentis
820 473 1462 566 primnsacproindeembolimeneeassdeharei,

303 580 371 634 hunc
384 581 481 652 ipsum,
499 585 588 650 utpote
605 581 672 650 cycli
688 581 799 634 recentis
814 579 930 645 initium,
948 595 1114 633 communem
1124 577 1241 636 iecerint.
1264 579 1304 633 lta
1315 579 1426 650 contigit
1435 584 1463 636 ut
1564 639 1565 664 ,

304 665 426 738 deinceps
439 667 528 722 citima
538 666 676 720 neomenia
686 667 774 722 Martii
786 685 823 731 a,
835 683 888 719 xre.
901 666 965 719 luna
975 665 1063 719 Mardi
1073 681 1149 720 xum.
1161 665 1313 720 mmhterit.

326 871 524 938 diffusurus
542 871 586 926 AB
604 871 726 926 suarna
743 871 921 926 sumtuum
938 869 1217 926 REPREHENSIONE
1228 869 1444 926 vntnlcat'un

371 1009 503 1064 Postremo
515 1011 547 1064 de
559 1010 608 1064 hoc
619 995 773 1064 ludaeorum
785 1011 858 1080 cyclo
871 1009 1005 1081 disputans
1017 1007 1135 1080 Scaliger
1145 1009 1163 1063 l.
1173 1025 1203 1064 ιι.
1214 1008 1247 1062 de
1256 1007 1366 1062 limend
1376 1025 1402 1078 p
1411 1006 1466 1060 146.
1564 1001 1565 1056 l

305 1093 479 1165 Epiphaniam
491 1105 613 1160 nostrum,
626 1105 654 1148 ut
664 1106 688 1149 at
698 1113 780 1148 omues
791 1105 887 1149 ueteres
897 1099 1036 1166 ιιι-ἐρίοισι
1045 1094 1095 1147 hoc
1104 1100 1132 1148 ιἰι
1138 1103 1218 1164 porte
1229 1091 1303 1164 (haec
1315 1095 1386 1147 enim
1396 1093 1465 1147 ttius
1564 1125 1565 1176 p

305 1180 383 1232 verba
395 1181 467 1250 sunt)
487 1183 655 1250 cepitpentiue
672 1183 748 1251 culpo
765 1181 876 1234 liberare
893 1200 920 1234 se
936 1189 1014 1250 nepot
1021 1197 1103 1250 posse.
1125 1179 1178 1232 Sed
1194 1195 1243 1232 son
1259 1181 1356 1243 satta,
1371 1179 1466 1249 inquit,

306 1269 609 1330 maeurecoedeeuiteria,
627 1285 702 1336 quum
718 1285 766 1319 uon
777 1268 854 1320 eodum
866 1267 1009 1336 utprohata
1021 1275 1045 1318 et
1054 1267 1195 1334 teyitissoas
1206 1265 1315 1318 addiscit
1324 1267 1392 1318 ideae
1403 1263 1466 1334 Ept-

303 1350 427 1419 phuniua,
443 1353 489 1403 aad
500 1352 610 1404 ludaeos
628 1369 675 1404 non
692 1354 772 1404 ulium
789 1357 912 1404 sobonem
930 1355 957 1404 tn
969 1369 1036 1404 antro
1048 1351 1135 1403 mouri
1145 1354 1216 1421 aequi
1226 1351 1291 1414 nuit,
1306 1367 1382 1421 quoae
1398 1351 1468 1402 uuae

304 1435 452 1489 methodum.
470 1436 537 1489 Tum
548 1435 686 1508 Epiphanil
694 1437 780 1490 verbis
792 1437 880 1490 allatis
891 1437 1005 1508 primum
1016 1435 1079 1489 illud
1091 1434 1266 1506 reprehendit,
1279 1435 1349 1506 qnod
1357 1435 1468 1498 dixerat,

305 1521 332 1573 iu
349 1527 401 1574 tres
413 1537 495 1575 annos
512 1521 580 1575 diem
591 1537 674 1575 unum
691 1539 725 1575 ex
741 1521 811 1576 horis
824 1522 840 1575 8
857 1523 967 1575 residuis
983 1521 1113 1592 imputari
1148 1521 1290 1590 Aefulana
1301 1525 1364 1584 erit,
1375 1521 1469 1592 lnquit,

305 1623 381 1658 unum
394 1615 489 1660 tautum
502 1609 566 1660 dicet
574 1619 633 1676 poet
643 1611 774 1661 triennium
786 1625 947 1672 accrescere,
960 1625 1015 1659 cusa
1023 1608 1406 1676 relinquutrhcrposttss'eaaieas
1414 1607 1470 1658 dies

307 1691 362 1756 deo,
372 1691 450 1745 heroe
457 1691 495 1754 18,
508 1701 660 1762 quantorum
670 1693 755 1745 idest
765 1701 847 1756 totum,
860 1693 928 1746 cuti
936 1701 1087 1762 quantumst
1094 1690 1137 1746 12.
1155 1690 1254 1744 Deinde
1264 1689 1333 1761 qnod
1341 1693 1418 1744 annia
1425 1709 1468 1744 xrs

306 1777 407 1845 cyclum
424 1777 569 1843 definierat,
588 1777 637 1831 hoc
652 1779 730 1832 modo
747 1777 888 1848 redarguit.
911 1777 997 1848 Negat
1013 1777 1083 1830 enim
1093 1777 1237 1847 praecisam
1248 1777 1330 1830 ullam
1341 1777 1470 1830 radonem

306 1861 362 1915 lieri
374 1879 459 1932 posse.
484 1863 555 1916 Num
567 1865 668 1916 Iuliani
679 1869 741 1916 unat
752 1865 807 1916 dies
816 1865 937 1932 colliqueret
943 1862 1020 1928 5113,
1033 1863 1111 1915 boras
1120 1861 1169 1914 tt.-
1180 1866 1244 1914 naui
1253 1863 1358 1916 lasum
1369 1864 1470 1915 widem

306 1951 433 2018 simplices
441 1949 521 2004 4956.
540 1950 696 2020 unrocum
710 1951 764 2002 dice
773 1949 834 2014 157,
847 1948 890 2003 12.
908 1949 949 2001 Dc
960 1949 1049 2017 quibua
1059 1949 1250 2001 intercalaretur
1259 1949 1332 2017 plant
1342 1965 1439 2000 memes
1447 1965 1471 2000 ι.

306 2033 445 2086 Remanent
461 2036 515 2085 dice
529 2035 553 2097 7,
567 2033 609 2086 12.
645 2035 702 2086 lom
718 2034 735 2086 8
747 2035 827 2086 torae
842 2036 1016 2104 quaterdecies
1031 2037 1184 2086 comtitnuut
1201 2033 1297 2096 dicad,
1315 2033 1360 2086 ld.
1398 2032 1471 2095 Quae

308 2135 402 2170 mmma
420 2121 451 2170 de
469 2121 555 2171 diebus
573 2119 597 2184 7,
614 2119 656 2172 12.
675 2121 793 2172 detracto
814 2121 935 2189 relinquit
950 2121 1119 2189 deprecentur»
1138 2137 1215 2172 acerne
1232 2119 1437 2173 tensorudecoit.
1450 2127 1474 2170 ct

301 2202 502 2271 sobasdiee2,
515 2203 556 2256 12.
586 2203 655 2256 Haec
669 2203 792 2274 Scaliger.
819 2205 849 2258 ln
861 2219 914 2274 qua
925 2203 1029 2274 quidem
1040 2202 1179 2275 Epiphanii
1188 2202 1471 2274 reprehensionesum·

307 2303 377 2340 mam
394 2287 507 2358 praefert
524 2289 682 2342 obtrectandi
698 2289 832 2343 libidinem
848 2305 907 2343 cnm
922 2290 979 2360 pari
990 2290 1031 2343 uel
1047 2289 1152 2342 inscitia
1162 2290 1204 2342 vel
1220 2286 1349 2359 ἄπρσςεῌᾳ
1364 2289 1473 2342 coniun-

308 2379 385 2425 ctam.
403 2372 469 2425 Nam
482 2379 507 2426 et
518 2374 647 2428 immerito
660 2373 833 2445 Epiphaniam
846 2383 963 2440 accusat,
976 2375 1022 2445 qui
1034 2389 1113 2445 quam
1124 2389 1141 2426 a
1151 2360 1253 2428 ludaeis
1264 2379 1373 2428 nouerat
1384 2374 1473 2428 obser·

208 2469 229 2510 u·
239 2457 282 2499 1⁷¹·
307 2459 362 2512 uari
378 2465 525 2529 temporum
541 2459 682 2524 rationem,
700 2477 758 2513 eam
776 2461 968 2514 commentariis
986 2461 1041 2513 anis
1059 2459 1187 2530 exposuit.
1220 2460 1250 2512 In
1266 2475 1318 2530 qno
1334 2457 1402 2512 nihil
1417 2461 1473 2531 ipse

306 2551 406 2615 peccat.
441 2543 531 2615 Neque
543 2561 603 2598 tero
615 2545 717 2614 cyclum
729 2544 810 2610 hurso,
828 2553 857 2599 ut
867 2547 978 2617 probum
990 2561 1020 2598 ac
1031 2545 1190 2616 legitimum,
1206 2545 1330 2609 obtrusit,
1347 2545 1420 2614 quod
1431 2561 1474 2598 ca·

307 2629 448 2683 lumniatur
460 2629 585 2700 Scaliger.
608 2629 664 2683 lmo
676 2647 691 2684 e
702 2632 831 2686 conmario
841 2632 964 2686 uitiosum
975 2631 1057 2684 luisse
1069 2647 1122 2683 non
1133 2629 1244 2684 obscura
1254 2629 1402 2700 significat,
1414 2647 1474 2685 oum

307 2715 385 2768 biduo
398 2731 414 2768 a
426 2715 581 2769 coelestibus
593 2717 736 2770 neomeniis
749 2717 882 2770 aberrasse
895 2715 981 2782 docet,
992 2719 1024 2769 nt
1034 2715 1136 2770 abunde
1147 2715 1305 2768 dannatum
1315 2721 1363 2770 est.

374 2801 504 2854 Iemillud
516 2801 635 2855 inscitiae
647 2801 788 2872 etquidem
803 2803 911 2855 minime
922 2802 1052 2872 vulgaris,
1071 2801 1140 2872 qnod
1154 2799 1329 2872 Epiphaniam
1344 2815 1379 2854 ne
1397 2801 1475 2858 hrtel·

307 2885 372 2938 lexit
383 2885 494 2955 quidem.
529 2887 600 2950 Quae
612 2894 652 2940 est
664 2888 734 2941 enim
750 2888 801 2940 ista
816 2885 994 2957 reprehensio,
1012 2903 1066 2941 non
1081 2903 1160 2958 posse
1178 2903 1212 2939 ex
1227 2884 1297 2940 horle
1313 2893 1387 2952 ecta,
1406 2903 1475 2958 qnae

308 2987 387 3040 supra
398 2970 448 3024 354
460 2971 515 3024 dies
528 2973 638 3042 singulis
650 2973 726 3025 annis
739 2979 915 3038 accensentur,
932 2973 961 3026 in
976 2979 1028 3026 tres
1046 2987 1129 3026 annos
1146 2971 1214 3025 diem
1230 2969 1336 3036 confici,
1354 2987 1417 3026 eum
1436 2989 1475 3025 re·

308 3056 458 3125 linquantur
470 3063 529 3126 post
542 3057 681 3110 trienninm
693 3057 747 3110 diss
759 3057 789 3122 4,
801 3057 855 3111 hor.
869 3056 915 3111 rer
950 3059 989 3111 dn
1004 3063 1061 3112 octo
1078 3061 1118 3111 ter
1132 3057 1304 3128 multiplicata
1315 3055 1349 3110 24
1364 3073 1422 3111 non
1439 3057 1476 3112 ei·

308 3139 415 3193 ficiunt?
449 3141 529 3210 Atqui
540 3140 588 3194 hoc
600 3143 686 3195 solum
697 3143 780 3196 soluit
791 3142 962 3213 Epiphanius,
978 3144 1061 3198 tribue
1077 3145 1153 3196 annia
1169 3143 1304 3197 lunaribus
1316 3142 1387 3196 hem
1402 3159 1476 3198 eom·

309 3235 404 3295 petere.
422 3225 473 3278 Sed
484 3227 550 3280 mira
560 3225 624 3280 haec
635 3225 801 3281 hallucinatio
811 3228 950 3299 scaligeri,
963 3229 1033 3299 qnod
1043 3227 1184 3282 triennium
1195 3229 1285 3282 tonna
1296 3243 1358 3282 cum
1369 3227 1476 3282 iuliano

309 3311 453 3380 comparari
463 3311 576 3366 credidit.
601 3311 667 3366 Nam
679 3313 790 3366 trieteris
801 3313 903 3368 Iuliana
914 3314 969 3368 dies
980 3312 1060 3368 habet
1073 3313 1149 3378 lose,
1168 3313 1211 3378 18,
1228 3314 1331 3366 lunares
1343 3315 1410 3368 enni
1420 3321 1476 3368 tres

311 3395 443 3466 simplices
457 3395 534 3461 1062,
551 3396 643 3450 additis
660 3405 699 3450 tar
711 3405 768 3451 octo
781 3397 850 3452 horis
863 3405 889 3452 et
900 3400 1045 3453 intercalari
1055 3399 1132 3470 pleno
1143 3414 1234 3453 menae
1248 3398 1318 3452 finnt
1330 3398 1411 3464 1093,
1431 3401 1478 3470 qui

311 3480 342 3532 de
353 3479 453 3533 loliano
466 3482 577 3534 triennio
589 3481 697 3536 detracti
708 3484 859 3553 relinquunt
870 3484 924 3537 dies
936 3483 960 3549 4,
975 3483 1013 3538 18.
1038 3483 1089 3538 Sed
1100 3483 1150 3540 hoc
1162 3485 1195 3538 ad
1205 3482 1346 3556 Epiphanii
1356 3491 1478 3540 mauman

310 3571 337 3618 et
347 3565 494 3619 institutum
506 3565 570 3620 nihil
581 3567 699 3637 pertinet.
720 3568 779 3622 Non
791 3570 860 3622 enim
872 3569 936 3622 duas
948 3570 1015 3622 inter
1026 3585 1054 3623 aa
1066 3569 1210 3623 mittendas
1221 3575 1370 3640 comparat,
1381 3571 1432 3624 aad
1444 3571 1478 3628 de

309 3651 395 3705 lunari
411 3651 538 3704 duntaxat
554 3653 664 3706 triennio
683 3654 804 3724 loquitur.
839 3653 946 3708 Caetera
962 3655 1076 3725 quaeda
1093 3655 1156 3709 solis
1169 3654 1278 3726 ὑπεροχῇ
1290 3655 1408 3726 quinque
1420 3657 1478 3710 iere

309 3737 409 3792 dierum
427 3735 527 3801 obiicit,
549 3753 614 3807 quae
632 3739 776 3808 praecisam
793 3739 921 3794 radonem
938 3747 964 3793 et
981 3737 1177 3793 ἀποκατάστασιν
1194 3741 1394 3796 neomeniarum
1414 3759 1478 3814 pro·

309 3821 426 3887 hibeant,
443 3822 519 3876 facile
532 3839 565 3876 ex
576 3823 609 3876 iis
622 3839 688 3894 qnae
700 3829 778 3878 antea
789 3823 957 3879 dissernimus
969 3831 1080 3897 possunt
1090 3826 1181 3882 refelli.
1216 3826 1275 3880 Non
1286 3826 1357 3880 auhn
1369 3829 1478 3897 epulum

310 3909 438 3962 duntaxat
449 3923 576 3961 annornm
588 3909 618 3961 14
630 3923 769 3980 usurpasse
782 3909 891 3964 ludaeos
903 3918 991 3965 censet
1002 3909 1173 3982 Epiphanius,
1185 3915 1233 3964 ant
1242 3911 1270 3964 in
1282 3927 1312 3965 eo
1324 3913 1479 3982 praecisam

309 3995 445 4065 utrimque
462 3993 553 4048 sideria
572 3995 780 4048 conciliationem
797 3994 867 4060 fieri,
885 3995 931 4049 sed
947 3995 974 4049 id
989 3995 1023 4050 84
1035 3997 1226 4070 demumaonis
1238 3997 1348 4050 evolutis
1361 3998 1478 4053 obtineri

311 4093 344 4132 ex
356 4081 508 4133 ludaeorum
520 4079 641 4149 opinione
654 4079 748 4135 docuit.
772 4081 805 4132 At
819 4081 846 4133 iu
862 4081 1123 4136 tessaradecaiteride
1138 4083 1269 4136 lunarium
1285 4082 1418 4136 duntaxat
1433 4101 1478 4154 ep-

312 4165 444 4233 aygiernm
461 4162 658 4216 ἀποκατάστασιν
675 4166 876 4235 repraesentari,
892 4167 1030 4220 reservatis
1048 4167 1139 4222 diebus
1152 4185 1176 4232 u,
1197 4183 1264 4238 qnae
1283 4175 1346 4222 sunt
1365 4175 1478 4240 epasmo

311 4247 427 4314 lunares,
448 4251 476 4303 in
498 4265 596 4303 annum
613 4249 647 4302 84
664 4255 816 4314 exeuntem,
834 4251 875 4305 vel
891 4253 1025 4305 ineuntem
1042 4251 1084 4306 85.
1119 4251 1190 4317 Quae
1208 4253 1296 4306 omnia
1311 4253 1478 4324 perpendere

312 4332 367 4385 eina
384 4333 504 4388 intererat
521 4336 566 4405 qui
582 4341 628 4390 aut
644 4335 751 4390 alterius
769 4351 881 4392 errorem
898 4353 1007 4408 arguere
1024 4339 1114 4405 vellet,
1134 4345 1180 4393 ant
1199 4339 1387 4394 existimationi
1408 4355 1478 4394 suae

306 4418 453 4473 *consulere
