3166 5044
140 896 365 986 DIONYSH
389 911 582 987 PETAVII
607 913 637 987 Ε
668 913 935 990 SOOIETATE
960 911 1069 990 lusu
1094 913 1306 990 ANIMAD-

141 1027 410 1108 VERSIONES
427 1029 479 1106 IN
495 1029 746 1107 EPIPHANII
760 1031 882 1108 OPUS
904 1031 1040 1127 QUOD
1051 1031 1308 1112 PANARIUM

564 1151 879 1229 INSORIBITUR„

537 1473 908 1585 ΠΡΟΘΕΩΡΙΑ.

141 1616 179 1692 Si
190 1656 246 1690 curn
258 1643 383 1708 exquisita
395 1657 493 1705 rerum,
511 1657 574 1708 quae
586 1643 613 1691 iu
625 1637 672 1690 hoo
684 1658 759 1710 opere
771 1647 930 1702 tractantur,
948 1643 1075 1692 uarietate
1087 1657 1119 1692 ac
1137 1643 1212 1710 copia
1228 1641 1306 1693 adae-

141 1743 220 1796 quare
233 1729 450 1777 commentationes
463 1733 564 1776 nostras
575 1727 749 1788 instituissem,
768 1743 815 1776 non
828 1725 943 1776 breuibus
958 1729 1021 1777 iisce
1034 1729 1098 1776 notis
1110 1735 1135 1776 et
1145 1727 1306 1778 animaduer-

140 1810 264 1875 sionibus,
280 1811 327 1862 sed
340 1811 482 1878 inyeun'hus
499 1811 572 1861 libris
584 1811 761 1862 committenda
775 1827 816 1860 res
825 1813 925 1878 suerat.
951 1809 1075 1872 Quoniam
1088 1819 1169 1862 autem
1183 1829 1307 1880 nequens

140 1899 375 1948 commentariorum
388 1897 462 1946 moles
474 1895 522 1948 illa
533 1897 652 1960 delectat,
666 1905 691 1948 et
701 1897 854 1948 eruditorum
867 1897 985 1947 lectorum
992 1897 1113 1964 fastidiis
1125 1897 1306 1948 occurrendum

137 1985 225 2053 potius
237 1981 283 2034 hoc
295 1983 323 2032 in
336 1999 428 2049 penere
441 1991 489 2044 est,
507 2001 581 2050 quam
599 1981 706 2034 aliamne
725 1982 846 2034 tarditati
861 1977 1048 2044 consulendum,
1066 1977 1137 2032 nulla
1149 1989 1186 2032 est
1196 1981 1306 2034 obtinen-

141 2069 191 2120 dae
203 2087 221 2118 a
233 2086 271 2120 me
283 2069 350 2119 ratio
357 2069 545 2136 praetermissa
563 2067 705 2120 breuitatis.
730 2065 773 2118 Eu
790 2085 848 2118 uero
865 2071 921 2118 uisa
938 2077 975 2119 est
989 2069 1114 2136 imprimis
1131 2067 1263 2130 eiusmodi,
1280 2079 1308 2122 ut

141 2155 258 2204 diversus
276 2171 305 2204 ee
326 2161 434 2204 ceterum
452 2154 632 2222 exemplarium
654 2155 845 2222 comparatione
863 2161 909 2205 aut
925 2171 955 2206 ee
973 2157 1118 2204 coniectura
1137 2152 1255 2204 lectiones
1272 2155 1309 2206 nd

140 2257 212 2292 mam
230 2248 358 2291 contectus
377 2239 546 2301 adsribcrem,
564 2245 614 2288 mm
632 2247 660 2289 ut
676 2240 772 2290 leuiora
791 2257 901 2308 quaeque
918 2257 950 2291 ac
962 2237 1105 2307 faciliora,
1127 2233 1168 2290 uel
1184 2241 1308 2292 corrumode

142 2325 174 2378 ab
187 2323 248 2376 aliu's
261 2325 404 2394 explicata,
423 2341 453 2375 ne
467 2329 617 2391 athrrqerem
629 2326 738 2387 omnino,
757 2335 802 2376 aut
813 2329 923 2394 carptim
936 2323 1091 2396 breviterque
1098 2327 1306 2393 perstrinqerem·

144 2409 309 2472 Quamobrem
322 2419 394 2461 certa
406 2412 564 2480 potissimum
582 2417 733 2478 acaunenta
751 2411 898 2478 debuimus,
916 2413 943 2460 in
959 2411 1046 2480 quibus
1058 2410 1222 2462 elaborandis
1234 2418 1307 2480 atque

141 2495 302 2548 illustrandis
309 2495 452 2564 plusculum
465 2513 558 2565 operae
571 2496 797 2565 disputationisque
814 2505 982 2566 consumptum
995 2503 1042 2558 est,
1061 2513 1126 2563 quae
1140 2497 1256 2546 nimirum
1268 2505 1306 2547 ta-

141 2583 179 2634 lia
192 2598 243 2632 esse
256 2581 452 2644 conciderentur,
465 2589 494 2633 ut
504 2583 541 2633 od
552 2599 635 2632 eorum
648 2583 806 2633 minuendam
816 2581 992 2633 obscuritatem
1005 2579 1119 2631 nonnihit
1129 2597 1208 2649 opera
1220 2589 1307 2634 nostra

140 2677 223 2736 posset
235 2667 367 2720 accedere.
386 2665 487 2718 bheernt
497 2669 643 2720 iamdudum
655 2669 766 2729 animus,
779 2671 884 2718 omnium
897 2665 1046 2727 haereseon,
1059 2683 1122 2733 qreae
1134 2667 1161 2714 in
1173 2664 1220 2715 hoc
1232 2683 1307 2734 opere

142 2761 380 2814 commemorantur,
397 2748 428 2803 τὰ
443 2749 603 2824 ἱστορούμενα
614 2757 737 2824 primum,
754 2753 845 2803 deinde
857 2755 984 2820 opiniones
996 2767 1029 2802 ac
1042 2751 1160 2816 dogmata
1172 2752 1257 2801 onmia
1269 2767 1306 2802 se·

136 2847 236 2910 parato
249 2837 331 2889 libello
338 2843 460 2908 persequi
471 2849 561 2892 etcum
573 2842 617 2901 iis,
630 2857 694 2906 quae
703 2837 868 2908 Epiphanius
876 2838 1044 2906 perscripsit,
1057 2851 1119 2902 quae
1132 2835 1164 2886 ab
1178 2835 1239 2887 aliis
1250 2845 1309 2888 sunt

140 2923 265 2976 Patribus
282 2927 410 2993 seposita,
428 2927 557 2992 cerame.-
574 2925 620 2975 sed
631 2923 663 2975 ab
677 2941 703 2976 eo
716 2923 821 2974 consilio
833 2923 953 2973 reuocari
964 2923 1018 2990 ipse
1034 2936 1085 2981 me,
1104 2921 1232 2988 quodcum
1245 2921 1308 2974 mihi

141 3010 253 3062 laborem
271 3009 417 3064 iamdudum
434 3010 542 3062 aliorum
558 3011 688 3060 industrio
705 3007 865 3060 sublevasset.
892 3003 992 3056 Etenim
1006 3016 1114 3076 praeter
1130 3015 1225 3059 ueteres
1241 3007 1307 3072 illos,

142 3095 291 3156 Irenaeum,
309 3093 492 3162 dupustinum,
514 3093 694 3158 Philaenium,
716 3093 915 3156 Damascenum,
941 3089 1137 3154 Tertullianum,
1161 3090 1307 3146 Clementem

142 3181 361 3243 Alexandrinum,
378 3179 557 3248 Hieronymum
570 3197 602 3232 uc
615 3187 739 3241 caeteros,
756 3181 799 3247 qui
810 3189 856 3230 out
867 3179 898 3230 de
910 3175 1057 3232 haeresibus
1069 3179 1214 3230 nominatim
1225 3183 1307 3248 scrip-

142 3275 229 3318 rerum
240 3274 287 3318 aut
298 3283 384 3318 earum
396 3269 423 3317 in
435 3267 509 3316 libris
523 3269 575 3316 rurs
591 3273 718 3334 utcumque
730 3268 895 3328 meminerunt,
914 3267 1066 3316 recentiores
1078 3263 1175 3331 alipsot
1185 3265 1269 3316 eodem
1280 3269 1307 3315 iu

143 3360 291 3420 orpumento
308 3369 404 3404 summa
423 3369 478 3402 cum
496 3351 572 3402 laude
592 3361 705 3404 versatos
725 3355 896 3414 memineram
920 3351 1044 3419 imprimis
1062 3357 1144 3400 aretem
1164 3349 1307 3400 Gabrielem

142 3435 289 3490 Proteolum
306 3445 380 3505 ateste
399 3437 596 3488 illustrissimum
613 3453 762 3504 muynorum
779 3436 919 3487 Annalium
940 3437 1100 3488 conditorem.
1138 3433 1247 3494 Quorum
1264 3433 1307 3485 ills

143 3523 280 3576 haereseon
291 3524 398 3574 omnium
411 3521 630 3574 luculentissimum
643 3523 786 3590 catalopurn
799 3523 900 3572 literato
912 3523 1000 3572 ordine
1012 3524 1150 3582 contexuit,
1163 3519 1205 3570 hic
1217 3523 1244 3570 in
1252 3519 1306 3570 Aa·

143 3610 244 3662 nalibus
255 3626 299 3660 suo
311 3626 432 3678 mamque
443 3619 551 3676 tempore
563 3612 738 3675 consiqnatam
750 3608 864 3675 reliquit.-
881 3615 981 3674 uterque
997 3623 1046 3657 uno
1058 3608 1085 3656 iu
1100 3613 1231 3674 conspectu
1243 3623 1306 3673 quae

144 3697 214 3766 apud
224 3702 320 3746 veteres
332 3695 390 3746 illos
402 3695 520 3763 dispersa
532 3702 608 3744 eraut
618 3701 650 3744 etc
663 3693 790 3762 dissipata
799 3697 939 3761 proposuit.
962 3689 1023 3742 Hac
1035 3694 1116 3758 ipitur
1129 3706 1192 3740 cura
1205 3697 1228 3740 et
1239 3693 1306 3758 copi·

143 3786 238 3833 tonante
249 3780 344 3832 soleatus
356 3778 421 3831 hunc
432 3797 506 3830 unum
518 3780 555 3830 ad
565 3795 667 3847 scopum
679 3778 863 3830 commentandi
873 3777 984 3828 laborem
993 3779 1066 3828 ustum
1078 3777 1218 3842 conseram,
1230 3777 1308 3842 utqui

143 3865 238 3919 Lanae
249 3869 317 3928 ium,
334 3863 381 3916 hoe
394 3875 430 3916 est
444 3867 537 3926 minus,
555 3872 583 3914 ut
597 3881 681 3932 spero,
701 3863 812 3914 barbare
824 3863 906 3914 studio
918 3870 1003 3914 nostro
1016 3862 1124 3928 loquitur
1136 3857 1306 3928 Epiphanius,

143 3953 209 4006 iden
220 3951 298 4003 Notis
309 3954 365 4002 istis
377 3957 401 4002 et
411 3949 681 4002 Animadversionibus
692 3967 742 4018 qua
755 3950 910 4015 castipatus,
928 3965 978 4016 qua
990 3947 1115 3998 illustrior
1120 3947 1223 4013 sactus,
1241 3945 1306 3996 dilu-

144 4039 201 4091 cide
213 4045 288 4104 atque
299 4037 467 4104 intellipenter
479 4036 508 4088 id
512 4037 603 4102 saciat
608 4073 615 4098 ,
631 4038 698 4086 omni
710 4034 865 4086 obscuritate
877 4033 986 4086 detersa.

174 4193 229 4260 DE
242 4189 526 4258 INSORIPTIONE
542 4188 750 4356 OPERISTeItC
763 4189 820 4358 g}
834 4188 1018 4255 PRIORUM
1032 4185 1270 4254 HAERESEON
1332 4242 1353 4281 Ρ,
1362 4229 1381 4270 ,,

593 4293 676 4358 PAR
720 4292 761 4357 TI
818 4293 851 4356 E.

212 4411 279 4468 Oum
290 4412 413 4466 sdrsrsus
426 4429 497 4468 uxxx
508 4410 641 4474 haereses,
661 4426 728 4480 quse
740 4409 774 4464 sd
785 4425 859 4464 susm
871 4414 982 4462 sststem
995 4409 1146 4472 extiterunt,
1158 4411 1308 4478 susceptum

144 4515 200 4552 sss
212 4497 262 4554 hoo
275 4515 339 4571 opus
350 4498 502 4570 profiteatur
513 4495 685 4568 Epiphanius,
697 4496 748 4550 duo
762 4496 887 4566 quaedam
899 4499 1038 4548 occurrunt
1048 4493 1075 4546 in
1087 4511 1117 4548 so
1129 4495 1234 4564 negotio
1246 4509 1306 4547 oon·

144 4585 290 4640 sidsrsods.
323 4585 441 4642 Alterum
457 4581 573 4638 haeresis
590 4599 686 4637 nomen
701 4578 826 4636 letissime
841 4581 870 4634 in
886 4579 1041 4651 quibusdum
1058 4580 1189 4651 usurpari,
1209 4596 1257 4635 neo
1274 4579 1307 4633 sd

1064 4682 1105 4736 Α.
