3104 5038
298 293 423 352 000le

296 451 408 522 eipinnt:
425 451 522 504 Musae
533 453 575 504 die
586 453 714 504 dominico
725 452 901 504 inmunem
912 461 995 504 tenere
1005 454 1116 522 pusicii
1126 454 1215 506 ordine
1224 457 1403 523 proemisimus,
1411 454 1458 506 ιἰαΙ

296 547 326 589 nt
336 547 394 590 ante
404 537 598 590 benedictionem
609 539 750 590 sucerdotis
762 539 864 605 repr-edi
870 539 980 606 populos
995 555 1043 590 sco
1050 547 1208 607 praesumat.
1236 538 1288 599 Qus
1300 541 1326 590 si
1339 542 1448 603 seuerius,

298 623 330 674 ob
342 627 459 692 episeopo
468 623 570 690 publice
580 625 774 692 confunduntur.
793 622 871 692 etqui
883 621 945 676 Gen.
955 639 1030 678 ιιιιι.
1042 623 1080 675 its
1092 624 1193 676 statuit:
1210 623 1364 676 Sueomm
1375 628 1414 692 psi
1422 628 1451 676 is

297 709 382 760 sotoii
392 709 497 772 donnini,
509 708 626 777 poscbu,
642 716 784 778 pentecoste
801 725 849 759 non
865 712 1107 762 communicaverint
1116 709 1239 762 catholici
1255 727 1303 760 oon
1318 711 1449 762 cresim

297 809 343 846 nee
353 797 420 846 inter
430 793 569 846 cntbolieoe
579 793 731 846 iubeantur.
755 793 804 846 nic
820 792 904 846 tribus
919 792 1048 848 dunbxst
1062 793 1154 847 diebus
1170 794 1310 864 qnouncts
1319 793 1407 848 fideles
1420 794 1451 846 sd

297 879 507 934 communionem
517 879 684 949 compellit,
695 879 748 932 illis
757 877 895 932 dominicis
907 878 1019 947 singulis
1029 879 1102 932 iubet
1109 879 1202 932 subire
1213 880 1329 934 nucem.
1346 877 1403 932 Non
1413 883 1452 932 cst

296 963 376 1034 igitur
386 964 455 1018 idem
468 965 558 1017 andire
568 969 669 1017 missam
680 979 710 1016 eo
721 968 978 1028 communicaremus
990 965 1066 1018 umbo
1077 965 1124 1018 ills
1133 964 1250 1018 fidelium
1260 981 1311 1018 usu
1321 963 1451 1018 museus

297 1065 348 1120 quc
360 1051 452 1103 veteris
463 1055 587 1120 perpetuo
599 1049 671 1104 luere
682 1049 828 1102 eomunotu

365 1133 467 1204 Terpdbr
479 1133 506 1187 bb
521 1135 561 1186 nol
577 1132 602 1186 ἐν
619 1131 806 1204 προσαββᾶιῳ.]
836 1135 1026 1204 Antiquissima
1041 1139 1082 1188 est
1098 1135 1233 1206 utriusque
1250 1135 1339 1188 ieiunii
1355 1135 1452 1204 religio,

297 1221 370 1274 cuius
381 1227 407 1273 et
415 1221 444 1274 iu
455 1221 574 1274 Aerisnie
586 1235 666 1290 cupre
679 1221 839 1274 mentionem
854 1221 916 1290 egit.
943 1219 973 1273 lu
985 1219 1083 1274 Geron.
1094 1222 1184 1290 Apost
1193 1237 1265 1274 ιιιι.
1277 1235 1336 1273 eum
1348 1219 1452 1290 qnsdrs·

296 1305 428 1374 gesimsli,
439 1303 554 1375 τετράδος
565 1310 593 1358 ct
600 1309 753 1374 παρασκευῆς
765 1306 891 1360 ieiunium
900 1303 992 1358 eedem
1003 1306 1138 1359 suctione
1147 1305 1311 1376 praecipitur.
1327 1303 1453 1375 siquem

296 1389 419 1444 Bolssmo
435 1391 505 1444 istud
521 1391 640 1454 siccut,
657 1391 762 1460 perinde
779 1391 880 1444 duobus
895 1391 947 1444 illis
958 1389 1030 1443 ieriis
1047 1395 1125 1459 etque
1136 1391 1165 1442 in
1175 1389 1375 1460 quadragesim
1387 1389 1452 1459 ispo-

298 1475 388 1546 φαγίαν
404 1477 552 1545 praescribi
578 1477 645 1530 Tum
662 1493 696 1529 nc
712 1475 842 1546 prementi
859 1475 964 1545 quidem
981 1476 1073 1528 mortis
1088 1475 1116 1528 iu
1127 1475 1241 1545 periculo
1253 1476 1375 1530 carnibus
1386 1475 1453 1528 vesei

297 1562 383 1614 licere.
416 1561 534 1631 Ignatius
551 1561 632 1631 lipist
644 1579 669 1614 v.
687 1561 719 1613 sd
735 1560 846 1631 Philipp.
863 1561 979 1614 eiusdem
995 1561 1125 1631 prsecepti
1141 1561 1268 1614 meminit
1299 1561 1330 1614 lu
1348 1560 1453 1615 Ccmtit.

297 1648 387 1716 Apoet
398 1647 444 1700 lib.
452 1665 497 1700 ιιι.
510 1663 567 1717 osp.
577 1663 650 1701 ιιιι.
662 1661 756 1700 censes
767 1663 813 1700 cur
828 1644 923 1714 τετράδι
939 1646 1108 1700 iniucnndum
1124 1646 1160 1700 sit
1173 1645 1239 1700 hoec
1256 1645 1372 1712 sliertm,
1387 1646 1455 1716 qnod

197 1751 219 1791 ρ.
227 1740 271 1784 stt
297 1733 399 1786 otieris
410 1737 501 1802 quarto
509 1732 678 1786 dcubcrnnm
691 1731 820 1785 sludsels
831 1738 872 1784 eet
882 1731 914 1786 de
925 1731 1103 1786 interficiendo
1112 1731 1213 1786 Christo
1224 1739 1251 1786 et
1261 1731 1339 1786 ludes
1351 1746 1455 1801 opersm

297 1833 372 1871 suem
384 1817 483 1871 detulit.
508 1818 556 1871 Cui
567 1817 739 1888 adstipuletur
750 1823 777 1870 et
787 1817 878 1870 Petrus
890 1817 1081 1870 Alexendrinue
1094 1816 1157 1872 Ceu.
1170 1834 1213 1870 xv.
1238 1815 1270 1870 Iit
1282 1816 1388 1886 quidem
1398 1832 1455 1886 pro·

297 1903 390 1957 mollis
406 1909 447 1956 eet
460 1905 511 1956 ists
526 1904 600 1957 rstio.
628 1901 712 1966 Qnsm
723 1919 783 1955 sero
796 1901 838 1956 hio
849 1901 1009 1972 Epiphanius
1021 1902 1113 1966 reddit,
1123 1901 1191 1956 isles
1202 1907 1280 1956 esim
1290 1902 1456 1972 evengeliose

296 1990 400 2044 teritsti
415 1989 552 2042 contraris.
579 1987 640 2041 Vult
656 1989 726 2041 euim
741 1986 873 2041 Christum
890 1987 1025 2040 dominum
1040 1987 1106 2042 ieris
1121 1993 1214 2057 qum-ts
1230 1985 1455 2058 comprobemur

297 2073 371 2138 Quod
382 2075 409 2126 in
421 2073 531 2126 distribs
541 2073 573 2126 de
581 2073 705 2126 Pessime
716 2073 815 2127 domini
826 2089 906 2144 euprs
917 2073 1064 2126 ᾱιιιιιιιιιιιι
1076 2089 1106 2126 so
1117 2072 1259 2128 reiutstmu
1270 2078 1319 2138 est,
1330 2087 1392 2143 pag.
1400 2070 1456 2124 tlt.

297 2160 335 2212 De
346 2159 440 2212 iisdem
450 2159 553 2212 ieiuniis
565 2159 724 2212 mentionem
734 2159 795 2212 isoit
806 2176 859 2212 nou
872 2175 923 2212 uno
935 2159 963 2212 in
974 2159 1032 2212 loco
1044 2158 1217 2212 Tertullianus
1229 2163 1256 2211 et
1267 2158 1393 2211 etsticuee
1405 2157 1455 2210 illis

296 2245 361 2314 ipsis
373 2243 464 2296 diebus
476 2244 542 2297 obiri
554 2244 720 2296 consuevisse
735 2243 877 2314 significan
894 2251 925 2296 ut
940 2245 968 2298 in
985 2245 1030 2298 lib.
1042 2243 1074 2297 de
1084 2243 1191 2296 ieiuniis
1202 2249 1293 2296 contre
1304 2241 1454 2312 Psycbiooe:

298 2329 349 2382 Onr
365 2329 513 2381 senonibus
529 2339 646 2397 quartem
664 2340 688 2382 et
703 2339 798 2382 sestam
809 2331 912 2385 sabboti
927 2331 1054 2393 discusse,
1073 2333 1208 2382 etieinns'is
1215 2331 1403 2398 perascensis!
1425 2327 1456 2382 ut

296 2430 353 2485 sep.
364 2433 405 2470 m:
416 2413 461 2466 Sic
473 2425 497 2468 et
508 2415 633 2484 apostolos
644 2415 797 2479 observasse,
810 2416 903 2468 nulinsn
915 2416 989 2467 olisd
998 2418 1151 2484 inponentes
1161 2417 1246 2482 ispum
1258 2425 1384 2468 eertom
1395 2424 1420 2466 et
1429 2417 1456 2465 is

297 2517 423 2554 conrnune
433 2499 544 2552 omnibns
555 2499 720 2552 obeundorum
735 2505 896 2564 ieiuniorum,
910 2502 1020 2570 poinde
1037 2517 1082 2552 nec
1098 2504 1244 2563 stationum,
1261 2515 1326 2567 quus
1343 2507 1369 2550 et
1384 2502 1455 2568 ipsos

295 2605 353 2640 snos
369 2588 467 2656 quidest
484 2587 539 2638 dies
556 2585 678 2648 babeant,
696 2589 898 2655 qnortoeserias
910 2594 1039 2640 etsestne.
1069 2583 1220 2638 Cuiusmodi
1236 2600 1313 2653 porro
1330 2585 1455 2638 sutona

295 2675 356 2726 illse
367 2672 464 2726 inerint
475 2677 501 2724 et
512 2675 600 2724 uuum
611 2671 708 2724 ieiunis
718 2672 777 2741 ipss
793 2672 918 2724 etetiones
935 2669 1082 2740 appelletis
1097 2671 1162 2734 sint,
1180 2669 1258 2739 psulo
1276 2675 1317 2722 est
1332 2667 1383 2722 hoc
1399 2669 1455 2724 icco

296 2757 446 2827 diligentius
463 2755 654 2826 inquirendum.
682 2757 734 2810 Res
751 2758 821 2810 enim
838 2763 876 2810 est
893 2773 946 2809 non
963 2756 1050 2808 miuus
1067 2755 1153 2808 studio
1169 2754 1250 2825 dignm
1262 2769 1341 2825 quem
1352 2761 1457 2824 propter

296 2843 478 2913 antiquitstem
489 2843 612 2907 obscuro,
623 2857 707 2911 neque
718 2842 798 2912 vulgo
810 2843 873 2895 sctis
885 2842 998 2910 cognite.

364 2928 496 2982 Stsln'oues
507 2928 588 2997 igitur
598 2931 682 2980 etstos
693 2928 849 2982 ieiuniorum
860 2942 918 2980 esse
929 2925 984 2980 dios
994 2925 1124 2980 Psmelius
1141 2925 1175 2978 sd
1185 2925 1231 2978 lib.
1243 2924 1275 2979 de
1287 2923 1392 2978 Ocrons
1401 2923 1456 2978 llil

297 3030 353 3084 usp.
362 3031 398 3068 ιι.
410 3013 510 3066 scribit:
527 3013 677 3082 metopium
691 3033 708 3065 u
720 3013 840 3065 militibus
850 3021 921 3078 esto,
938 3013 1005 3082 qood
1015 3013 1128 3082 mendic
1139 3014 1285 3066 insomne
1296 3019 1383 3074 eunt,
1393 3013 1456 3062 ieie·

297 3117 361 3151 nare
373 3117 414 3151 ecs
425 3098 562 3168 oportebat.
589 3097 662 3161 Quod
675 3103 700 3150 ct
711 3098 772 3150 slibi
784 3098 882 3167 poesim
892 3097 993 3166 repetit.
1016 3097 1055 3150 Ac
1065 3097 1190 3152 ieiunium
1202 3095 1307 3166 quidem
1318 3096 1457 3150 sindonem

297 3201 357 3238 oum
369 3185 413 3237 ulii
423 3183 539 3254 plerique
551 3189 657 3247 vocent,
672 3189 727 3236 tum
738 3183 847 3236 Hermes
858 3181 903 3237 lib.
913 3199 953 3235 ιιι.
965 3181 1050 3237 Simll.
1060 3201 1085 3237 ι.
1115 3182 1184 3243 Quid
1195 3191 1242 3245 est,
1254 3181 1353 3251 inquit,
1363 3183 1456 3236 cutio!

298 3270 334 3324 Et
344 3271 413 3332 dim,
428 3271 555 3322 ieiunium.
580 3267 720 3322 lthsbsuus
732 3269 839 3321 liturus
850 3267 895 3323 lib.
903 3285 934 3322 n.
947 3267 978 3320 de
990 3267 1076 3322 instit.
1089 3266 1179 3322 Olerio.
1192 3283 1249 3337 osp.
1258 3284 1334 3322 xvur.
1346 3283 1382 3320 ex
1392 3281 1456 3336 qno·

296 3355 408 3408 rnudsm
419 3355 548 3408 sententis
558 3355 625 3406 inter
634 3354 763 3407 ieiunium
774 3359 801 3406 et
811 3354 952 3406 stationem
961 3352 989 3408 id
1000 3354 1125 3407 iuteresse
1137 3352 1239 3417 scribit,
1251 3351 1321 3421 quod
1331 3352 1456 3406 ieiunium

297 3443 470 3510 indifferenter
482 3441 612 3492 cuiuslibet
618 3441 673 3493 diei
682 3444 717 3492 sit
728 3439 879 3492 abstinentia
885 3476 894 3502 ,
905 3455 953 3491 sun
961 3455 1012 3508 per
1022 3439 1114 3506 lepessn
1124 3440 1171 3490 ced
1180 3439 1315 3490 secundun
1320 3441 1455 3508 proprius·

297 3527 460 3580 voluntatens
477 3525 572 3587 sutis,
584 3525 725 3577 observatio
736 3533 884 3578 statutorum
897 3525 1006 3586 dierum
1019 3533 1047 3576 nt
1057 3531 1166 3592 quassae
1176 3533 1201 3575 et
1211 3527 1405 3592 sestoeferice,
1416 3521 1457 3574 oei

297 3613 517 3681 nodosissimas.
542 3609 659 3662 Oitsutur
676 3615 702 3662 et
718 3608 782 3662 hsce
799 3608 868 3678 spud
879 3607 1024 3662 Pemelium
1034 3607 1166 3660 Ambrosii
1176 3607 1256 3662 serbe
1272 3606 1357 3662 &nm
1368 3623 1457 3661 xxm

296 3696 423 3750 Stationes
434 3705 556 3748 occasune
567 3699 662 3747 ieiunio
672 3733 679 3758 ,
688 3697 754 3764 quod
764 3703 860 3746 stantes
871 3703 896 3748 et
906 3703 1085 3746 commorantes
1096 3697 1124 3746 in
1135 3696 1172 3746 sis
1179 3696 1296 3746 intissicos
1306 3694 1457 3746 insidiantes

297 3783 448 3852 repellimus.
474 3779 569 3834 Verum
581 3795 665 3848 neque
677 3795 726 3849 ego
739 3779 878 3834 stationem
888 3778 957 3832 idem
969 3795 1026 3832 esee
1038 3795 1098 3834 oum
1114 3777 1211 3831 ieiunio
1229 3777 1349 3842 mbiucr,
1365 3791 1457 3846 usqne,

298 3875 328 3921 ut
343 3866 445 3920 intersit
460 3864 572 3934 aliquid,
590 3864 728 3918 discrimen
744 3863 809 3918 illud
825 3864 907 3933 probo
925 3863 994 3934 quod
1005 3863 1074 3934 spnd
1086 3861 1240 3916 Rbebeuum
1251 3862 1357 3932 legitur.
1382 3858 1457 3924 Quod

298 3953 368 4006 enim
380 3967 396 4004 s
406 3951 503 4004 ieiunio
515 3947 650 4019 discrepet,
665 3965 698 4002 ex
710 3949 868 4004 Tertullinus
880 3949 970 4019 liquet,
986 3949 1031 4018 qni
1041 3948 1086 4004 lib.
1096 3965 1125 4004 u.
1137 3947 1171 4001 sd
1183 3947 1298 4002 Uxorem
1308 3963 1365 4018 esp.
1373 3963 1409 4001 rr.
1420 3947 1458 3998 its

297 4037 425 4106 loquitur:
447 4035 513 4088 Uici
523 4040 600 4087 statio
604 4037 734 4104 faciendo
746 4044 789 4098 est,
802 4038 910 4088 moritus
921 4036 952 4088 de
964 4035 1006 4087 die
1017 4035 1137 4087 condicat
1147 4034 1184 4085 od
1194 4034 1315 4086 balneus.-
1326 4036 1351 4084 si
1360 4035 1457 4084 ieiunio

299 4123 458 4174 nmmum
468 4125 651 4183 eustominus
665 4123 752 4173 eodem
766 4122 807 4174 die
821 4123 960 4173 censimum
973 4127 1097 4174 ament.
1125 4117 1343 4182 Quinctiorum
1359 4117 1403 4172 illc
1420 4115 1457 4168 ci·

297 4211 352 4258 tstc
364 4223 398 4260 ex
408 4206 453 4261 lib.
465 4210 556 4259 contre
565 4203 658 4274 Psych.
671 4221 726 4275 cop.
736 4223 790 4260 ιιι.
802 4205 928 4258 subcunt
944 4221 961 4257 s
975 4204 1079 4258 ieiuniis
1094 4203 1213 4269 secernit,
1228 4219 1290 4256 oum
1301 4201 1455 4256 sindonibus

299 4296 418 4360 quamam
430 4296 456 4344 et
466 4296 570 4344 sextum
581 4291 683 4344 sabboti
695 4289 806 4344 dictum
818 4307 875 4344 esse
892 4289 965 4354 dicit,
982 4305 1148 4358 persecesem
1164 4289 1278 4344 ieiuniis.
1303 4287 1398 4342 Ocnus
1407 4284 1454 4338 lib.

299 4373 330 4427 de
343 4373 446 4428 Gerous
455 4375 510 4428 llil.
522 4391 580 4445 esp.
589 4393 626 4429 rr.
635 4375 761 4429 etstionee
772 4391 819 4446 pro
831 4375 935 4430 ieiuniis
946 4375 1066 4444 usurpari
1075 4373 1207 4428 Poetelius
1223 4374 1357 4428 existimet
1372 4369 1412 4426 bie
1427 4370 1455 4422 iu

298 4458 397 4514 verbis:
415 4460 473 4511 lan
486 4469 510 4512 et
519 4465 640 4514 stationes
651 4469 697 4514 cst
708 4462 757 4512 ulii
768 4463 949 4530 napissoeiet,
960 4477 1035 4528 quon
1047 4459 1165 4514 Obsistoi
1178 4469 1225 4514 ont
1234 4469 1260 4514 et
1269 4461 1393 4515 mnne
1403 4457 1453 4518 dib
