3104 5038
327 351 349 416 t
730 364 802 415 nnn.
821 363 915 416 rnnrn
935 365 1097 417 urrsrons

327 492 441 534 veterum
465 482 544 552 magis
567 499 640 552 quum
665 481 818 552 Epiphanius
843 494 924 551 egent.
959 486 1016 547 Quo
1041 484 1068 534 in
1092 500 1185 552 genere
1207 482 1339 552 quumvis,
1370 482 1478 535 Commio

327 579 483 638 praeeunte,
505 568 620 620 Petusios
635 581 661 620 et
678 578 737 636 post
754 585 811 620 eum
826 569 965 620 Gntnkerus
983 585 1077 638 operse
1095 569 1203 638 pretium
1222 568 1345 636 iecerint,
1373 568 1480 620 immensa
1498 579 1500 586 '

326 663 410 706 tumen
429 653 632 706 emendationum
650 655 739 704 messis
758 653 874 704 iacienda
892 663 945 719 eet,
971 655 1113 723 priusqonm
1134 653 1287 723 Epiphanius
1311 653 1358 704 sibi
1383 653 1429 722 ipsi
1444 671 1479 704 re-

326 739 428 790 stitutus
445 739 524 790 videri
544 739 630 808 possit.
666 739 717 791 sed
734 739 883 790 emendandi
903 741 1031 808 negotium
1049 740 1074 791 in
1090 739 1231 809 Epiphanio
1249 757 1280 791 eo
1298 749 1336 790 est
1354 739 1480 802 difficilius,

326 824 395 892 qnod
413 825 457 876 ills
475 824 575 876 dicendi
592 841 685 892 genere
701 824 816 894 squalido
835 825 958 877 nectutis
979 827 1076 877 Graeco
1094 844 1150 877 usus
1168 837 1227 888 est,
1246 837 1274 876 ut
1290 843 1366 894 ssepe
1383 823 1479 882 dubites,

326 909 386 977 qnid
403 909 455 973 illi,
473 909 533 978 quid
551 910 707 962 librariorum
726 910 848 962 barbariei
865 911 1051 962 attribuendum
1068 911 1109 963 sit.
1144 911 1200 962 Huc
1216 909 1324 972 secedit,
1342 909 1409 978 qood
1425 907 1479 960 scri·

324 1005 428 1062 ptores,
446 1012 477 1046 ex
494 995 582 1064 quibus
600 995 643 1046 ille
660 996 760 1060 hausit,
778 995 878 1046 dicendi
895 1013 988 1063 genere
1004 997 1071 1048 iuter
1086 1015 1114 1048 se
1132 1013 1205 1066 quam
1222 997 1331 1048 maxime
1347 995 1480 1063 discrepent

325 1090 353 1132 et
370 1080 551 1132 sententiarum
568 1079 721 1132 obscurritnte
737 1081 805 1132 houd
822 1098 880 1132 rsro
897 1081 1022 1134 lslsorsnt.
1057 1081 1120 1133 Inde
1139 1083 1247 1142 iactum,
1266 1092 1294 1132 ut
1311 1094 1412 1149 praeter
1426 1079 1480 1130 Gor-

324 1166 429 1228 nsrium,
447 1166 577 1218 Petusium
593 1177 619 1216 et
630 1167 783 1218 Gstskerum
795 1183 869 1218 nemo
884 1167 917 1218 sit
932 1177 1053 1234 repertus,
1071 1167 1114 1236 qui
1124 1167 1290 1234 Epiphaniam
1307 1166 1430 1234 integrunt
1445 1174 1480 1214 sut

325 1269 355 1302 ex
373 1263 445 1320 parte
463 1251 495 1302 de
512 1249 633 1302 industris
653 1262 789 1314 trscturet,
818 1265 895 1320 utque
913 1269 943 1302 es
960 1251 1081 1303 immensu
1099 1251 1284 1320 philologorum
1301 1268 1391 1318 grege,
1415 1267 1480 1302 exue-

323 1336 376 1405 ptis
392 1336 545 1405 philologius
563 1335 695 1400 heroibus,
714 1338 841 1406 Scaligero
858 1349 884 1388 et
903 1337 1061 1400 Gusaubono,
1079 1337 1218 1406 horumque
1233 1337 1337 1388 aemulis
1356 1335 1413 1386 siris
1430 1352 1481 1386 eru·

324 1422 401 1485 ditis,
429 1439 505 1474 nemo
524 1421 691 1490 Epiphaniam
709 1440 759 1474 non
778 1423 835 1474 dico
858 1421 996 1474 accuratius
1014 1423 1164 1491 inspiceret,
1193 1423 1239 1474 sed
1257 1421 1361 1474 omnino
1388 1421 1480 1490 legeret.

324 1508 450 1578 Theologi
468 1520 552 1560 sutem
571 1519 642 1572 (nens
657 1507 706 1558 rari
723 1508 843 1560 exstitere
854 1508 949 1562 Petavii
966 1519 993 1560 et
1005 1508 1137 1576 Gatskeri)
1155 1508 1301 1576 plerumque
1317 1506 1378 1558 sstis
1394 1507 1481 1558 lssbue-

323 1605 383 1646 runt
392 1631 399 1656 ,
421 1593 558 1646 huemium
577 1605 603 1645 st
617 1593 761 1662 dogmatum
778 1594 938 1662 testimonis,
957 1605 1081 1664 utcunque
1098 1593 1196 1645 mendis
1214 1594 1305 1645 vitiata
1322 1603 1348 1644 et
1365 1592 1431 1643 male
1445 1591 1481 1641 in-

323 1679 427 1732 tellecto
437 1717 446 1742 ,
465 1696 497 1730 ex
514 1697 544 1730 eo
562 1678 661 1730 offerre.

392 1767 449 1828 Quo
467 1764 545 1832 magis
560 1767 630 1828 Tus,
648 1764 682 1814 rui
700 1765 822 1828 Oehlere,
840 1765 964 1817 laudanda
982 1776 1021 1817 est
1035 1765 1172 1828 industris,
1191 1763 1248 1834 qui,
1266 1780 1318 1816 noo
1337 1761 1481 1816 reformide-

322 1849 355 1902 ti·
372 1849 422 1918 iia,
446 1867 510 1919 quse
528 1849 596 1912 dixi,
624 1850 715 1902 criseos
734 1850 920 1920 Epiphsoieoae
945 1851 1148 1920 impedimentis,
1177 1850 1210 1905 sd
1226 1867 1283 1901 eum
1300 1860 1327 1900 te
1349 1845 1481 1906 accinxisti,

321 1935 432 1986 subsidia
449 1935 547 1988 noviter
563 1935 716 2004 exploranti,
743 1936 872 2004 explorata
890 1939 959 1990 Tuos
976 1937 1001 1990 io
1027 1955 1083 1988 usus
1102 1936 1258 1988 convertisti.
1293 1934 1357 1986 Nom
1384 1934 1482 2002 primum

320 2021 421 2090 quidem
447 2020 541 2073 codicis
558 2021 649 2072 Veneti
675 2037 724 2089 ope
751 2021 813 2074 lolia
831 2022 984 2091 transposita
1001 2039 1058 2074 suss
1075 2021 1108 2073 nd
1125 2020 1196 2072 sedes
1222 2020 1363 2080 revocasti,
1390 2019 1481 2070 lecuons

320 2105 461 2174 expleristi,
479 2107 599 2174 plurimos
616 2107 686 2158 locos
704 2118 837 2174 corruptos
854 2108 1009 2176 perssossti;
1028 2125 1109 2176 neque
1127 2125 1187 2158 vero
1205 2105 1346 2174 neglexisti,
1365 2121 1429 2173 quse
1444 2101 1482 2154 alii

321 2191 422 2244 codices
439 2209 514 2242 mauu
531 2191 620 2258 scripti
638 2202 663 2243 et
682 2189 760 2243 editio
777 2192 894 2260 princeps
910 2193 944 2244 sd
961 2192 1144 2244 emendandum
1163 2191 1327 2260 Epiphaniam
1345 2189 1480 2241 coulerunt.

320 2275 434 2339 Deinde,
461 2294 526 2344 quse
543 2275 586 2326 ille
604 2293 634 2326 ex
654 2279 756 2329 lrenseo
774 2288 800 2328 et
825 2278 880 2328 aliis
905 2277 1069 2346 scriptoribus
1093 2279 1190 2340 lrsusit,
1212 2277 1245 2328 nd
1274 2277 1375 2327 illorum
1401 2290 1480 2326 exem·
1541 2293 1542 2296 ¹

319 2360 401 2430 pluris
426 2361 546 2429 exegisti;
573 2379 636 2430 quae
662 2372 746 2414 nutem
771 2363 874 2416 Photius
901 2375 927 2416 ct
951 2364 993 2415 elii
1019 2381 1049 2414 ex
1074 2363 1178 2425 iisdem,
1206 2363 1293 2431 quibus
1318 2361 1377 2421 ille,
1402 2357 1481 2410 lonti-
1541 2393 1542 2404 t

279 2491 283 2500 .
318 2444 366 2497 bus
389 2445 551 2510 derivarunt,
578 2465 635 2498 cum
659 2447 782 2517 excerptis
809 2449 987 2518 Epiphanisnis
1011 2449 1074 2500 scite
1102 2447 1259 2517 comperisti.
1301 2454 1336 2498 Ac
1360 2445 1382 2496 si
1406 2445 1480 2496 minus
1541 2469 1542 2477 κ

317 2530 382 2587 haec
409 2531 493 2584 omniu
520 2551 575 2584 cum
601 2531 741 2602 puluisculo
767 2535 910 2598 excussisti,
947 2545 974 2586 st
998 2534 1081 2586 multis
1107 2544 1191 2586 tanuen
1229 2533 1341 2602 portibus
1369 2529 1481 2600 scriptori

318 2617 376 2670 Tuo
395 2617 494 2686 egregie
518 2618 644 2688 profuisti.
680 2621 777 2680 l‘orro,
805 2636 868 2687 quse
886 2629 944 2688 post
964 2619 1109 2670 Cornurium
1128 2619 1245 2670 Petavins
1265 2631 1293 2670 et
1312 2628 1413 2687 praeter
1428 2615 1480 2666 illos

317 2703 392 2771 pauci
408 2703 510 2772 qnidam
526 2704 628 2772 ingenio
646 2715 673 2756 et
697 2703 812 2756 doctrine
833 2705 985 2756 excellentes
1007 2705 1054 2756 viri
1080 2705 1244 2756 coniectando
1263 2702 1399 2774 periclitati
1418 2709 1480 2761 sunt,

317 2789 388 2840 Tuos
406 2790 432 2840 iu
450 2807 506 2842 tusus
523 2791 612 2842 sedulo
631 2790 784 2842 convertisti.
821 2791 934 2860 Denique
950 2790 1004 2860 ipse
1020 2790 1089 2841 illem
1107 2790 1256 2840 emendandi
1274 2789 1404 2846 rationem,
1422 2802 1481 2856 quse

318 2874 464 2926 coniectura
487 2876 648 2937 continetur,
677 2887 794 2944 expertus
813 2894 847 2928 cs.
891 2881 973 2945 Atque
998 2875 1096 2928 etiamsi
1112 2875 1239 2928 interdurn
1255 2875 1364 2926 fortasse
1380 2871 1480 2924 calidior

317 2957 389 3008 luisti
405 2958 431 3010 in
449 2961 599 3013 coniecturis
616 2961 642 3012 iu
661 2971 815 3024 contextum,
833 2961 876 3029 qui
893 2961 992 3025 dicitur,
1011 2961 1169 3030 recipiendis,
1187 2961 1268 3012 molto
1285 2971 1369 3012 tsnneo
1387 2956 1479 3026 ssepius

316 3061 370 3094 rem
387 3061 433 3096 scu
450 3045 564 3114 tetigisti

386 3129 438 3181 Sed
455 3141 495 3182 est
512 3131 615 3183 omuino
635 3132 748 3195 facilius,
777 3132 842 3184 viam
861 3133 891 3184 sb
911 3132 961 3185 ulio
979 3151 1025 3202 per
1040 3133 1099 3184 loce
1115 3149 1203 3200 arpenn
1221 3141 1247 3183 et
1264 3131 1374 3184 dumetis
1390 3128 1480 3198 repleta

317 3215 425 3283 primum
443 3216 550 3268 excisum
567 3217 692 3286 corrigere
710 3229 736 3268 et
754 3217 823 3286 qnod
839 3217 872 3269 sd
889 3217 1002 3271 laborem
1027 3217 1248 3273 consummandum
1272 3217 1345 3268 deest
1368 3215 1479 3273 sdiicern

317 3316 391 3368 quom
409 3301 517 3354 eundern
539 3301 672 3370 suscipere
710 3304 810 3371 iniquos
834 3313 919 3354 sutem
937 3315 964 3356 ct
979 3303 1110 3372 impudens
1128 3304 1180 3365 sit,
1204 3303 1246 3372 qui
1264 3301 1394 3354 difficilem
1417 3317 1478 3368 ops-

316 3402 370 3436 rnm
388 3385 507 3438 laudabili
524 3388 608 3440 studio
625 3399 768 3457 susceptum
785 3387 844 3440 ideo
862 3388 972 3440 cuvillari
989 3389 1089 3450 nudent,
1110 3390 1180 3458 quod
1196 3389 1233 3440 illi
1249 3388 1284 3440 sd
1300 3385 1478 3457 perlectionem

316 3470 422 3522 multum
439 3471 521 3524 sdhun
538 3473 610 3524 desit.
646 3475 735 3543 Neque
752 3492 813 3526 uero
830 3491 878 3542 ego
897 3474 959 3525 hunc
975 3474 1094 3526 sdulsodi
1112 3493 1185 3527 conse
1201 3474 1260 3528 'libi
1278 3473 1352 3540 dico,
1376 3483 1417 3526 aut
1432 3473 1477 3532 Tu,

316 3554 377 3623 quid
395 3558 452 3610 Tuo
469 3557 494 3608 in
519 3558 606 3610 lnbure
623 3577 737 3610 mancum
755 3571 781 3612 et
805 3559 982 3627 imperfectum
1000 3560 1048 3622 sit,
1074 3560 1137 3612 ulios
1156 3560 1237 3612 celere
1254 3559 1331 3628 cupis
1367 3556 1477 3626 Alioquin

316 3657 398 3709 neque
417 3645 457 3694 Tu
475 3661 515 3694 me
532 3643 566 3694 sd
584 3643 710 3712 symbolos
728 3645 754 3696 in
772 3645 939 3714 Epiphaniunr
956 3643 1051 3697 dandas
1067 3645 1216 3708 inritnsses,
1232 3654 1276 3696 aut
1293 3661 1343 3712 ego
1360 3663 1404 3706 ea,
1419 3657 1478 3712 qnae

315 3725 379 3778 hcec
402 3727 486 3779 studio
512 3727 601 3792 decet,
629 3729 785 3797 ingenuitate
802 3730 828 3782 iu
853 3731 999 3800 supplendis
1016 3741 1042 3784 et
1060 3731 1213 3800 corrigendis
1238 3729 1331 3796 vigiliis
1348 3729 1408 3782 Tuis
1424 3743 1475 3778 usus

315 3828 405 3864 mrem.

383 3899 451 3963 Quid
468 3910 552 3952 sutem
568 3899 594 3952 io
613 3901 733 3969 symbolis
751 3901 813 3954 meis
827 3901 933 3954 maxime
945 3901 1112 3971 spectaverim
1125 3910 1152 3954 et
1166 3900 1254 3969 quibus
1271 3901 1406 3954 instructus
1417 3897 1475 3952 suls-

314 3984 384 4036 sidiis
408 4003 450 4038 ess
475 3986 633 4056 scripserim,
657 3987 724 4039 malo
749 3987 856 4039 lectores
874 4005 905 4038 ex
928 3987 958 4038 iis
977 4005 1041 4057 quse
1066 3986 1126 4038 dedi
1151 4003 1320 4054 cognoscere,
1351 4003 1422 4057 qnam
1437 3983 1474 4036 liu

314 4069 470 4124 ambitiosius
487 4088 610 4124 enarrare.
647 4073 679 4122 lit
704 4072 772 4124 istud
789 4073 889 4141 quidem
908 4083 1000 4142 sponte
1017 4083 1141 4142 opponet,
1168 4089 1209 4124 me
1225 4089 1276 4124 non
1293 4071 1376 4124 solum
1392 4085 1473 4122 emen

314 4153 409 4221 dsndi,
427 4156 472 4208 sed
489 4157 565 4208 etiam
581 4156 723 4208 illustrandi
737 4157 871 4226 Epiphsoii
888 4175 972 4210 curam
989 4157 1105 4210 habuisse
1113 4196 1122 4220 ‚
1140 4157 1207 4227 quod
1226 4174 1331 4225 pensum
1342 4159 1382 4210 Tu
1396 4175 1410 4208 a
1422 4157 1472 4206 Tuo

313 4239 400 4294 lobon
418 4241 473 4292 lere
491 4242 624 4294 exclusisti.
659 4241 725 4292 lllud
743 4259 804 4296 vero
821 4243 870 4294 hoc
886 4243 945 4296 loco
960 4253 1044 4296 tacere
1061 4243 1130 4304 nolo,
1148 4243 1267 4311 plurimas
1281 4243 1471 4300 emendationes,

314 4341 329 4376 a
346 4341 387 4376 me
405 4326 484 4380 lactas
501 4327 527 4378 iu
546 4327 695 4394 Methodio,
726 4345 740 4378 e
758 4328 826 4380 cuius
851 4328 947 4396 scripto
969 4328 1028 4395 nent
1044 4324 1212 4389 ἀναστάσεως
1231 4328 1383 4398 Epiphsnius
1407 4327 1467 4394 lrrgr

314 4411 451 4479 specimine
475 4423 594 4482 tanosm
611 4429 722 4481 pannum
737 4430 797 4464 vere
824 4431 976 4482 purpureum
1002 4415 1103 4468 ceutoni
1120 4431 1166 4466 suo
1184 4413 1278 4480 namt,
1297 4413 1467 4482 propediem!

315 4511 355 4546 me
372 4496 546 4548 confirmatum
562 4509 589 4549 et
606 4497 757 4550 illustratum
773 4498 804 4550 iri
820 4498 847 4550 iu
860 4502 975 4552 listnudiu
984 4503 1157 4566 elnonensis,
1174 4517 1204 4551 ex
1222 4517 1272 4569 qno
1288 4517 1353 4568 quse
1370 4499 1402 4552 sd
1415 4495 1468 4566 Epi·

314 4579 435 4649 plteuiuns
450 4581 633 4636 emendandum
648 4584 776 4652 pertinent
790 4583 890 4638 nonnisi
906 4585 1047 4640 summatim
1063 4585 1182 4649 delibari,
1199 4603 1232 4638 ne
1249 4602 1305 4638 mea
1320 4585 1397 4655 ipsius
1411 4579 1468 4636 scri·
