3104 5038
344 309 457 368 coxon

343 471 496 540 mensu
514 473 579 530 -ινιι
598 471 684 530 πνοι
703 472 767 529 πω
784 473 820 529 ω
837 472 881 532 -ιν
899 471 956 533 νιν
975 473 1085 532 sisu
1102 475 1195 624 πτωρ
1213 475 1319 554 xm
1351 469 1391 524 nx
1403 469 1484 540 quos

342 555 468 608 Hebraico
480 553 578 606 Graece
593 555 687 624 scripta
703 553 855 623 corrigenda
872 559 939 607 sunt.
965 554 1041 608 Velut
1056 571 1102 624 pro
1121 555 1191 624 οὺϊαβ
1193 559 1263 606 ωιῶν
1275 557 1327 625 leg.
1339 554 1429 624 thiodis
1440 549 1485 624 eet

341 641 405 692 hlox
417 657 464 709 pro
477 639 564 707 βετουβ
576 639 627 708 leg
639 638 717 707 βετνίν
753 639 802 692 Ριο
816 637 912 707 ἀδθὼθ,
925 637 1041 691 secede.
1076 640 1139 692 Item
1154 641 1433 710 ριοσωθωλιμειᾞμίεὲ
1445 659 1485 691 σω-

343 725 466 794 ρολερείρι.
501 725 530 776 ln
544 724 641 777 Graeco
653 741 713 776 ιοιο
726 725 835 794 Aquilae
847 741 893 794 pro
906 723 1005 794 ρύλαξις
1017 722 1122 794 εἰρήνης,
1134 726 1200 778 forte
1211 725 1378 780 scribendum
1390 723 1486 794 ρνλιιξιις

342 807 443 878 εἰρήνην.

409 894 439 947 N.
452 913 477 948 x.
502 892 600 959 Ἐπειδὴ
613 891 637 945 ἰν
649 898 727 964 καιρῷ
740 899 783 946 τοῦ
796 893 983 964 dormituros]
1006 895 1046 948 Ex
1059 895 1107 948 hoc
1120 897 1187 950 herii
1199 898 1323 966 opusculo
1335 897 1486 950 verissimum

341 997 398 1031 esse
410 982 505 1032 senties
518 979 587 1049 quod
600 979 631 1032 de
644 979 734 1032 eodem
749 979 882 1044 Socrates,
900 979 1002 1035 Soaom.
1021 987 1048 1032 ot
1064 982 1142 1050 paulo
1160 987 1218 1034 aute
1236 981 1396 1052 Epiphanius
1412 987 1487 1034 noster

341 1064 519 1128 asseverabat,
537 1081 630 1134 nempe
648 1063 797 1134 sophisticis
814 1066 922 1134 argutiis
934 1071 959 1118 et
970 1066 1177 1118 cavillationibus
1188 1066 1282 1119 iratum
1294 1067 1399 1120 Aetium
1410 1067 1485 1118 iocum

340 1151 440 1202 veritati
456 1150 558 1202 iecisse.
594 1149 645 1202 Sed
662 1167 707 1202 cur
719 1149 834 1218 Χρονίτιις
853 1155 929 1203 vocat
945 1167 990 1203 eos
1007 1152 1133 1220 aquibus
1151 1151 1288 1204 damnatus
1305 1157 1358 1216 est,
1376 1151 1488 1204 nimirum

340 1237 450 1288 Arianos
468 1235 557 1304 ipsos?
591 1233 751 1304 Epiphanius
768 1235 872 1304 quidem
890 1237 915 1288 in
928 1237 1119 1305 Responsione‚
1137 1235 1197 1288 dum
1210 1237 1331 1305 Χρονιεῶν
1343 1236 1487 1289 vocabulum

340 1322 366 1374 in
379 1322 449 1390 ipsos
462 1325 592 1389 retorquet
603 1321 762 1383 Anomoeos,
780 1322 867 1389 aitque
883 1319 1036 1374 catholicam
1051 1321 1187 1374 ecclesiam
1203 1323 1371 1390 temporalem
1384 1321 1433 1374 dici
1443 1337 1487 1372 oon

340 1423 431 1476 posse,
448 1405 516 1475 quod
534 1406 566 1457 ob
583 1411 686 1456 aeterno
699 1404 789 1468 fuerit,
807 1406 843 1456 ita
854 1405 954 1458 videtur
966 1407 1108 1475 accepisse,
1124 1408 1199 1476 quasi
1210 1405 1325 1475 Χρονίεπς
1335 1406 1488 1459 ‘aduersarios

341 1507 402 1544 suos
415 1491 505 1542 Aetius
522 1491 703 1560 appellaverit,
722 1490 789 1558 quod
806 1491 909 1543 illorum
922 1491 985 1544 fides
1003 1505 1071 1543 noxa
1082 1497 1151 1544 esset
1160 1507 1193 1544 ae
1206 1507 1310 1560 nupera.
1345 1493 1401 1544 Hoc
1412 1497 1487 1544 utrum

338 1577 495 1629 intellexerit
505 1577 596 1628 Aetius
607 1593 659 1628 non
671 1575 747 1627 facile
759 1575 828 1627 dictu
840 1581 887 1628 est.
911 1577 951 1628 An
962 1577 1048 1646 potius
1061 1575 1177 1645 Aperitur
1189 1575 1264 1640 dixit,
1281 1575 1330 1628 hoc
1348 1585 1388 1630 est
1399 1583 1488 1644 tempo·

338 1664 419 1714 rarius
431 1662 590 1730 minimeque
606 1661 711 1712 stabiles
727 1677 811 1730 neque
824 1661 849 1712 in
862 1667 984 1730 suscepta
995 1661 1045 1713 fide
1057 1665 1217 1725 constantes,
1234 1662 1279 1730 qui
1291 1661 1323 1712 ad
1335 1661 1488 1731 imperatoris

338 1755 431 1799 notum
443 1753 469 1798 et
480 1748 591 1816 gretiam
604 1763 660 1798 sese
678 1761 707 1798 ac
724 1746 899 1798 credulitatem
916 1761 990 1800 suam
1006 1746 1247 1800 accommodarent?
1270 1745 1488 1800 cuiusmoeisce-

339 1833 407 1896 cios,
423 1832 557 1884 Eudoxius
569 1847 599 1884 ac
612 1832 706 1883 caeteri
718 1831 823 1884 fuerunt
834 1833 879 1899 qui
889 1832 992 1884 Aetium
999 1871 1006 1896 ‚
1023 1833 1065 1884 cui
1076 1831 1200 1884 hactenus
1211 1833 1343 1896 laverant,
1361 1841 1432 1884 metu
1448 1833 1488 1882 im·

338 1919 463 1988 peratoris
476 1917 639 1970 damnarunt.
675 1916 743 1968 Sene
762 1917 918 1986 πρόςναιρος,
936 1919 1094 1986 ιινιιροιιιίίε,
1111 1917 1203 1970 Metth.
1216 1935 1281 1981 arm,
1299 1917 1341 1969 21.
1353 1918 1489 1986 appellatos

337 2005 392 2066 ille,
407 2004 452 2072 qui
463 2009 584 2072 suscepto
597 2002 637 2054 dei
648 2003 725 2054 verbo
737 2003 764 2054 in
777 2003 955 2070 persecutione
967 2002 1093 2056 desciscit.

406 2088 508 2141 Conlut.
522 2107 543 2138 ν.
578 2083 624 2137 Ἔν
638 2104 661 2136 ιε
680 2089 731 2146 ταῖς
749 2085 862 2155 πυρίαις]
897 2085 937 2138 Ex
955 2086 1003 2139 hoc
1021 2089 1077 2140 loco
1096 2087 1196 2140 discant
1211 2087 1334 2140 haeretici
1350 2089 1421 2157 quod
1437 2087 1488 2156 Epi·

338 2173 426 2243 phanii
438 2173 470 2224 de
481 2174 513 2224 iis
525 2173 597 2224 libris
609 2171 732 2224 iudicium
743 2171 827 2234 fuerit,
841 2187 905 2240 quos
918 2171 956 2223 illi
968 2188 984 2223 a
995 2189 1093 2225 oenone
1105 2173 1231 2236 reiiciunt,
1249 2189 1315 2242 qnos
1328 2173 1430 2243 quidem
1442 2180 1488 2224 tarn

336 2257 379 2310 hio
391 2273 470 2328 quam
483 2258 526 2309 alii
538 2263 637 2309 veteres
649 2263 735 2326 patres
747 2257 813 2309 inter
825 2257 966 2326 scripturae
978 2259 1057 2310 libros
1070 2263 1095 2308 et
1107 2257 1169 2318 θείας
1181 2257 1275 2327 γραφὰς
1287 2259 1422 2328 recipiunt.

406 2342 536 2396 confutat.
549 2360 613 2394 πιιι.
637 2340 686 2409 ἰίᾷν
699 2359 723 2392 τε
736 2345 902 2411 πνενματικῶς
914 2342 1115 2411 ἀνακρινόμενοι]
1148 2342 1219 2404 Quos
1235 2342 1383 2412 parenthesi
1398 2343 1490 2396 includi

338 2429 474 2493 iussimus,
487 2443 517 2480 ea
529 2428 586 2480 loco
599 2443 646 2478 suo
656 2426 753 2478 dimota
765 2433 826 2479 sunt
842 2433 866 2479 et
883 2427 909 2478 in
922 2429 997 2480 tertio
1007 2443 1082 2480 versu
1094 2427 1125 2478 ad
1137 2427 1205 2480 huuc
1216 2428 1324 2481 modum
1335 2428 1487 2499 reponenda:

338 2512 383 2584 νᾷν
395 2531 420 2566 τε
433 2513 494 2566 εἴποι
506 2511 519 2564 ὁ
532 2518 625 2582 πνεῦμα
638 2512 680 2580 ὢν,
696 2511 735 2562 καί
748 2513 887 2581 μονογενής.

576 2735 621 2789 AD
639 2733 810 2788 HAERESiM
827 2733 966 2800 oxxvn,
983 2733 1252 2788 DIMOERITARUM.

404 2857 434 2909 N.
447 2875 474 2910 rr.
500 2853 536 2907 Δι’
549 2854 577 2906 cb
590 2851 682 2924 &ripun
696 2854 799 2923 γέγονε]
829 2853 931 2924 Duplex
942 2856 993 2907 iilis
1005 2857 1165 2925 temporibus
1178 2854 1265 2908 habita
1276 2855 1392 2923 synodus
1402 2862 1452 2919 est,
1463 2855 1486 2906 in

337 2957 388 3012 qua
399 2959 468 2994 error
480 2941 630 3010 Apollinarii
642 2941 777 2991 damnatus
789 2946 835 2992 est.
867 2940 953 2992 Prima
964 2941 1136 2993 Alexandriae
1147 2942 1180 2993 ab
1192 2939 1333 2994 Athanasio
1345 2947 1372 2994 et
1382 2941 1488 2994 Eusebio

336 3028 504 3088 vercellensi,
522 3033 658 3096 postquam
671 3025 769 3078 Iuliano
782 3025 938 3093 imperante,
951 3026 1063 3096 Georgio
1076 3027 1109 3079 ab
1121 3025 1303 3078 Alexandrinis
1321 3027 1419 3090 occiso,
1436 3027 1488 3078 sedi

336 3129 398 3165 suae
415 3114 548 3164 restitutus
567 3120 606 3164 est
623 3109 794 3174 Athanasius,
811 3127 879 3163 errno
899 3110 993 3163 Christi
1012 3127 1129 3165 cccoxrr.
1154 3112 1240 3164 Altera
1256 3111 1356 3164 Romu
1374 3113 1423 3164 snb
1439 3111 1487 3163 Da·

336 3215 422 3260 meso,
434 3215 501 3249 anno
515 3196 607 3250 Christi
620 3212 765 3248 ccccxxrrr.
789 3195 853 3247 Vide
865 3197 979 3250 Annales
993 3197 1089 3249 Eccles.
1118 3197 1156 3248 De
1169 3195 1216 3248 hoc
1227 3197 1363 3266 posteriori
1375 3197 1487 3256 coneilio,

336 3283 409 3336 cuius
422 3299 510 3334 recens
522 3298 580 3334 cum
590 3280 651 3333 haec
660 3281 783 3333 scriberet
791 3279 951 3351 Epiphanius
963 3283 1088 3335 memoria
1100 3289 1161 3346 erat,
1174 3282 1283 3335 eundem
1294 3281 1487 3352 intelligendum

336 3368 465 3420 existimo.

250 3491 254 3502 .
301 3491 307 3503 .
402 3452 432 3504 N.
445 3469 487 3504 xe.
511 3450 607 3504 Οὐκοῦν
619 3450 701 3520 χρείαν
714 3448 790 3520 ἔσχε]
819 3451 878 3506 Fuit
890 3451 953 3504 heco
963 3453 1091 3506 Valentini
1103 3451 1346 3522 opinio,Christum
1355 3458 1427 3506 tauta
1436 3451 1487 3504 fru-

335 3539 441 3607 galitate
454 3553 483 3590 ac
495 3538 652 3606 parsimonia
663 3553 739 3589 usum
757 3553 826 3598 esse,
844 3536 907 3590 nihil
925 3544 954 3588 ut
971 3545 1094 3606 egereret.
1117 3539 1236 3591 Testatur
1247 3537 1360 3608 idipsum
1372 3537 1487 3591 Clemens

334 3623 473 3676 Alexandr.
484 3640 521 3675 ιιι.
529 3622 632 3686 strom,
644 3623 688 3691 qui
701 3638 734 3674 ex
743 3620 865 3674 haeretici
874 3623 942 3674 illius
952 3621 1188 3692 adAgathopodem
1201 3623 1310 3692 epistola
1320 3623 1372 3675 ista
1383 3622 1486 3693 profert:

335 3705 432 3761 Ἤσθιεν
445 3704 572 3758 selimero
585 3703 664 3774 ἰδίως,
683 3705 727 3757 οὐκ
742 3705 872 3766 ἀποδιδοὺς
884 3704 914 3758 τὰ
927 3707 1052 3778 βρώματα·
1065 3708 1164 3772 τοιαύτη
1176 3701 1205 3772 ἦν
1217 3705 1286 3776 αὐτῷ
1298 3705 1434 3778 ἐγκρατείας
1445 3705 1487 3758 ὅθ·

333 3812 416 3864 ναμις,
429 3793 489 3853 chors
501 3791 619 3861 φθαρῆναι
631 3791 673 3857 rho
686 3791 776 3859 τροφὴν
789 3789 812 3842 ἰν
825 3791 901 3860 αὐτῷ.

401 3879 431 3933 N.
445 3897 488 3931 xx.
515 3875 557 3928 Ἐν
570 3869 604 3936 οἰς
617 3876 656 3928 καί
670 3875 778 3936 Βιιάλιος
792 3873 804 3928 ὁ
817 3874 969 3944 isiotrense]
1002 3877 1048 3930 Hio
1067 3877 1209 3931 estVitalis
1225 3878 1268 3930 ille
1285 3878 1384 3932 Meletii
1402 3877 1487 3930 Antio·

333 3963 407 4018 cheni
418 3965 559 4034 presbyter,
572 3962 617 4031 qui
629 3961 775 4014 aFleeiano
786 3961 931 4015 desciscens
941 3979 968 4015 se
981 3963 1013 4015 ad
1023 3963 1197 4033 Apollinarem
1209 3965 1374 4033 aggregarit,
1384 3971 1410 4017 et
1419 3961 1485 4032 qnod

332 4051 430 4118 insigni
445 4050 539 4118 [rietate
551 4047 681 4117 praeditus
699 4054 778 4111 esset,
797 4048 932 4117 plerosque
951 4049 1060 4111 eundem
1077 4049 1104 4100 in
1122 4065 1233 4102 errorem
1250 4049 1362 4118 impulit.
1397 4047 1485 4101 Postea

334 4152 393 4188 rere
412 4143 497 4187 sectae
515 4149 577 4186 suae
595 4133 731 4201 episcopus
746 4139 786 4184 est
799 4131 890 4187 iactus.
913 4133 951 4186 De
964 4149 1014 4203 quo
1027 4133 1187 4187 Soaomenns
1198 4135 1242 4188 lib.
1252 4151 1288 4188 rr.
1312 4133 1413 4186 Videat
1425 4132 1484 4186 bre⁴

334 4222 435 4288 gorium
445 4219 554 4272 Nerone.
566 4217 687 4270 Oratnrr.
698 4217 729 4268 sd
737 4216 900 4282 Cledonium,
911 4219 956 4272 ubi
966 4225 993 4271 et
1001 4217 1077 4272 huius
1089 4226 1115 4272 et
1123 4219 1363 4289 Apollinaristarum
1373 4217 1482 4272 onmium

333 4306 470 4357 versutiam
484 4304 587 4372 detegit.

401 4389 432 4442 N.
445 4407 537 4442 xxvrrr.
561 4385 709 4457 Ἀνθρωπίνη
723 4385 855 4458 ὑποδοχή]
890 4388 1021 4458 Scriptum
1033 4395 1087 4442 eret
1098 4383 1260 4457 ἀνθρωπίνης,
1273 4405 1320 4459 pro
1332 4405 1384 4460 quo
1394 4384 1482 4456 ἂνθρω-

336 4471 389 4535 πίνη
402 4475 489 4524 ποιοῖο
502 4474 559 4542 quis
571 4473 711 4526 substituit.
730 4472 792 4542 Leg.
803 4480 843 4525 est
852 4480 939 4526 autern
951 4470 1047 4543 Ἀννης,
1059 4481 1088 4527 ut
1100 4479 1139 4527 est
1149 4475 1177 4527 in
1188 4473 1279 4544 Regio.
1296 4474 1338 4530 Ex
1349 4491 1400 4546 quo
1409 4473 1481 4528 libra·

334 4557 388 4609 rius
400 4555 547 4625 ἀνθρωπίνης
559 4574 647 4610 verum
660 4573 717 4611 esse
729 4557 842 4612 credidit.
865 4557 930 4611 Nam
943 4555 1013 4626 ἆννης
1025 4577 1071 4630 pro
1083 4557 1232 4628 ἀνθρωπίνης
1244 4559 1324 4616 scribi
1334 4559 1432 4615 assolet.
