3138 5044
297 315 403 372 CLXIV

195 493 219 532 p·
228 481 272 525 uss.
298 470 551 542 corruptissimisquc
562 469 738 540 temporibus,
754 469 895 543 verisimile
912 475 953 524 est
969 469 1071 540 aliquos
1086 473 1202 540 repertos
1217 468 1263 539 qui
1272 466 1342 523 hauc
1351 483 1463 522 ememo-

297 557 401 612 uiarmn
412 557 561 626 rituumque
573 555 807 628 perturbau'onem,
824 561 952 626 quatenus
966 555 995 608 in
1010 555 1075 626 ipsis
1093 561 1160 620 mat,
1176 553 1314 608 emendare
1323 553 1463 618 studerent,

298 649 324 696 et
335 659 403 714 quae
414 641 537 714 privatim
549 641 620 696 obire
630 646 754 712 poterant
767 656 842 694 sacra
858 641 983 710 legitimis
1000 640 1162 710 temporibus
1179 639 1340 710 perficerent.
1376 637 1464 694 uuus-

298 728 369 782 modi
380 726 511 798 paschalis
524 727 586 796 agni
597 742 680 780 coena
689 725 752 792 init,
764 741 843 796 quam
853 742 922 782 anno
931 741 994 778 suae
1003 725 1132 796 passionis
1142 723 1260 780 Christus
1269 741 1330 780 cum
1340 724 1464 796 spostoiis

297 821 377 884 atque
394 813 452 866 aliis
471 813 550 868 etiam
566 812 678 866 tortasse
694 811 797 866 ludaeis
815 811 896 882 pridie
914 826 995 882 quam
1011 810 1108 870 caeteri
1123 815 1287 884 praepostere
1307 810 1335 864 id
1350 810 1465 864 iacerent

298 913 424 968 usurpare
442 897 541 950 maluit
575 896 664 968 Neque
682 895 731 950 hoc
749 897 827 950 unius
846 897 983 952 alteriusve
1001 895 1052 950 diei
1069 895 1206 951 morinen
1218 895 1397 952 admirabilius
1409 911 1464 948 esse

298 983 375 1036 debet
386 999 466 1054 quam
477 982 546 1052 quod
559 981 711 1036 Christianis
722 982 787 1052 ipsis
798 998 853 1034 non
864 981 941 1034 modo
959 987 1019 1036 ante
1031 980 1143 1034 Victoris
1158 997 1241 1052 papae
1258 981 1404 1044 decretum.
1422 987 1465 1033 aut

297 1065 442 1125 Nicaenum
454 1069 605 1132 concilium,
622 1084 713 1122 verum
725 1068 803 1120 etiam
815 1067 916 1138 aliquot
925 1074 1018 1138 postea
1029 1067 1140 1120 saecuhs
1152 1066 1256 1131 accidit,
1271 1073 1301 1120 ut
1317 1067 1345 1120 in
1362 1065 1464 1136 religio-

298 1155 403 1208 sissima
414 1152 545 1224 paschatis
558 1153 707 1206 celebritate
719 1169 771 1206 uno
783 1153 936 1224 plexumque
947 1168 1051 1217 mense,
1068 1168 1256 1222 nonnunquam
1270 1151 1362 1206 diebus
1374 1168 1434 1216 rus„
1451 1167 1466 1204 a

297 1257 326 1294 se
338 1240 450 1294 inrisam
459 1237 598 1292 differrent
616 1238 655 1292 De
665 1254 716 1308 quo
726 1237 852 1292 nonnulla
861 1236 893 1290 ad
902 1235 1041 1308 Nicephori
1050 1236 1211 1294 Brevissima
1219 1235 1395 1310 inllpolsoplq
1404 1237 1465 1290 oiim

298 1324 488 1381 adnotavimus.
514 1323 565 1376 Ubi
576 1339 629 1376 non
641 1324 727 1378 solum
738 1323 805 1378 iuter
816 1321 971 1388 haereticos,
983 1323 1038 1376 sire
1050 1321 1309 1388 Quartadscimauos,
1321 1330 1348 1375 et
1359 1320 1465 1376 cathob-

298 1427 355 1477 cos,
367 1411 413 1464 sed
424 1411 491 1464 inter
504 1407 663 1464 orthodoxos
674 1409 746 1478 ipsos
759 1406 884 1478 flagrasse
896 1407 1044 1462 istiusmodi
1055 1407 1161 1462 dissidia
1172 1408 1280 1478 planum
1290 1406 1410 1462 iacimus.

363 1561 484 1620 UTRUM
501 1561 666 1618 CHRISTUS
683 1559 1020 1701 ΕΟῡΕέύΕὲἑΙὲΒΙΠΒΑΕΙ
1038 1559 1182 1616 GAETERI
1198 1561 1255 1615 DIE
1272 1559 1404 1616 Pascua

905 1647 991 1703 ARIT.

366 1752 501 1808 Calabram
512 1769 558 1824 per
569 1768 627 1806 sese
639 1751 820 1822 quaestionem
831 1751 1001 1822 insigniorem
1012 1750 1123 1806 reddidit
1132 1750 1291 1806 Graecorum
1301 1749 1464 1804 Latinorum·

298 1856 349 1910 qne
361 1839 544 1892 controversia.
564 1837 632 1892 Nam
643 1838 695 1902 ilii,
707 1842 736 1892 ut
747 1853 810 1890 suas
821 1835 853 1893 ds
864 1835 1019 1890 fermentato
1031 1853 1099 1908 pane
1110 1837 1253 1892 sententiae
1263 1837 1465 1911 patrocinentur,

299 1925 430 1978 Christum
442 1923 576 1977 dominum
588 1940 641 1976 non
652 1923 715 1976 luna
726 1941 795 1988 suu,
810 1921 856 1976 sed
867 1939 939 1988 sisu,
955 1919 1054 1992 pascha
1065 1923 1150 1993 egisse
1161 1921 1367 1993 pertinacissime
1379 1919 1464 1972 deien-

299 2010 377 2075 dunt,
391 2027 451 2064 curn
463 2009 579 2064 nondum
590 2007 679 2064 Iudaei
689 2008 788 2077 asymis
800 2012 941 2064 autentim.
976 2007 1073 2066 Genua
1082 2007 1181 2074 Latini,
1197 2023 1231 2070 ut
1248 2004 1298 2060 hoc
1314 2005 1366 2060 sibi
1377 2004 1408 2061 de
1421 2005 1463 2056 do-

298 2095 362 2148 mini
377 2094 497 2164 exemplo
511 2093 669 2163 praesidium
686 2093 835 2164 extorqueri
851 2093 977 2158 emerent,
994 2099 1126 2164 negarunt
1142 2093 1194 2150 alio
1212 2108 1292 2166 quam
1308 2107 1360 2162 qun
1377 2090 1465 2144 Indsei

299 2179 393 2234 caeteri
405 2179 446 2232 die
457 2179 604 2248 legitimum
616 2194 716 2248 agnum
730 2177 888 2242 comedisse,
903 2175 953 2232 hoo
969 2184 1010 2232 est
1024 2197 1079 2234 urs.
1091 2179 1155 2237 luna
1170 2179 1220 2236 sub
1232 2191 1378 2248 vesperam.
1413 2175 1463 2228 Sed

298 2265 350 2318 ista
363 2263 506 2316 Graecuiae
517 2263 597 2316 suecis
616 2263 717 2334 opinio,
735 2269 862 2334 quatenus
875 2261 1007 2318 Christum
1023 2263 1079 2318 siue
1095 2264 1193 2331 asymis
1211 2263 1353 2316 celebrasse
1368 2259 1464 2332 pascha

300 2348 386 2414 docet,
399 2349 516 2402 inscitiae
529 2354 554 2401 et
566 2348 732 2401 absurditatis
744 2345 823 2402 habet
833 2347 983 2420 plurimum.
1018 2347 1120 2402 Etenim
1133 2363 1297 2420 quocumque
1306 2346 1412 2402 tandem
1424 2346 1464 2398 die

298 2433 397 2505 pascha
409 2431 526 2488 Christus
539 2433 644 2498 obierit,
662 2449 721 2486 cum
738 2449 791 2487 uns
802 2439 828 2487 et
839 2447 991 2502 azymorum
1003 2417 1146 2488 dolennitas
1158 2431 1294 2487 delibanda
1304 2432 1396 2498 inerit,
1412 2449 1464 2486 nou

298 2521 384 2590 magis
395 2521 452 2573 sino
463 2519 562 2588 asymis
574 2519 659 2588 potuit
669 2534 749 2589 quam
761 2520 816 2572 sine
828 2533 897 2590 agno
909 2519 1012 2572 solenni
1022 2517 1083 2572 huic
1093 2519 1213 2589 religioni
1224 2517 1382 2573 sstisiacere.
1403 2517 1463 2571 Pro·

298 2606 359 2659 inde
367 2623 421 2658 nou
429 2605 584 2660 temeritato
594 2619 659 2660 usus
668 2609 718 2670 est,
730 2621 763 2658 ue
774 2605 874 2675 legem,
886 2605 960 2660 cuius
973 2610 1049 2664 autor
1060 2611 1128 2670 erat,
1139 2605 1301 2674 infringeret.
1318 2603 1372 2665 Sed
1382 2619 1463 2674 nsque

298 2708 390 2746 rerum
401 2697 441 2746 est
452 2691 522 2762 quod
532 2689 637 2758 Graeci,
649 2695 675 2744 et
685 2691 752 2743 inter
761 2695 876 2744 casuros
886 2689 1017 2744 Gedrenus
1026 2707 1056 2744 ac
1065 2688 1225 2760 Nicephorius
1235 2689 1381 2754 affirmant,
1392 2687 1462 2742 Chri-

299 2783 368 2832 stum
380 2777 421 2830 die
433 2777 531 2832 mensis
544 2793 615 2842 unu,
626 2793 680 2830 non
692 2793 762 2842 ιιι,
773 2774 922 2847 paschalem
935 2775 1030 2830 obiisse
1042 2791 1164 2840 coenam
1176 2791 1261 2846 nequa
1269 2775 1295 2833 it
1304 2773 1462 2850 Epiphanius

299 2865 390 2926 seuht,
403 2867 433 2916 ut
443 2863 533 2931 magni
543 2861 650 2932 quidam
658 2861 707 2913 riri
719 2859 889 2915 crediderunt.
906 2860 962 2914 Imo
971 2878 1032 2914 vero
1045 2861 1124 2913 etiam
1135 2863 1196 2913 ante
1207 2878 1266 2915 1111.
1276 2861 1367 2914 lunam
1379 2861 1462 2930 egisse

298 2947 397 3017 pascha
408 2948 510 3012 statuit,
526 2946 575 3000 hoc
592 2952 633 3000 est
648 2953 761 3000 exeunte
774 2945 879 3000 iudaice
889 2946 953 3000 luna
965 2965 1024 3012 usn,
1041 2945 1155 2999 Nicaena
1167 2961 1227 2998 uero
1240 2963 1289 3011 ιω,
1306 2951 1336 2998 nt
1347 2962 1394 2999 suo
1406 2945 1462 2997 loco

299 3033 459 3086 declaratum
476 3038 525 3086 cst.
559 3031 611 3084 Sed
628 3031 772 3085 obscuritas
789 3031 841 3085 loci
856 3031 919 3084 iacit
934 3037 965 3086 nt
979 3033 1011 3086 iis
1028 3031 1193 3087 comedenda
1204 3032 1280 3084 rania
1295 3030 1331 3084 sit
1342 3031 1388 3100 qui
1397 3030 1462 3083 falso

299 3116 439 3188 Epiphanii
447 3118 604 3172 sententiam
613 3117 775 3186 interpretati
783 3123 852 3172 unt.
871 3117 1075 3180 Vermousisss
1084 3116 1462 3180 Gnemtommeontrorsrsis,

301 3219 368 3272 quse
380 3202 541 3256 difficultatis
552 3201 632 3256 habet
642 3200 719 3268 nihil,
736 3202 763 3256 in
780 3203 969 3275 reliquaqonuni
980 3204 1132 3274 quaestione
1143 3202 1279 3256 uastando
1290 3218 1321 3259 co
1333 3202 1462 3256 breriorss

301 3289 412 3352 erimus,
429 3288 497 3358 quod
514 3288 630 3358 plerique
647 3287 702 3342 suis
719 3287 793 3340 illam
810 3288 913 3358 scriptis
931 3287 1070 3360 diligentm
1085 3289 1255 3360 explicarunt.
1290 3287 1462 3354 Quamobrem

300 3375 435 3444 utriusqus
446 3374 528 3444 partis
539 3374 653 3428 rationes
664 3373 755 3444 paucis
766 3373 943 3428 aestimandae
954 3380 1023 3430 sunt

368 3459 419 3524 Qui
430 3459 522 3512 eadem
533 3458 586 3524 die,
597 3475 650 3529 qna
661 3457 750 3515 Iudaei
761 3458 853 3524 ceteri,
863 3457 963 3529 pascha
973 3460 1119 3514 celebrasse
1128 3457 1258 3515 Christum
1269 3459 1376 3524 uolunt,
1387 3475 1461 3516 eran·

300 3545 454 3616 gelistarum
465 3544 544 3598 trium
556 3544 694 3596 autoritate
705 3544 831 3609 nituntur,
842 3543 982 3611 Matthaei,
993 3545 1074 3600 Marci
1085 3561 1115 3598 ao
1126 3543 1221 3600 Lucae.
1238 3545 1354 3610 Quarum
1365 3547 1461 3616 primus

300 3646 443 3704 capum,
459 3629 483 3682 ὃ.
496 3633 526 3700 τῇ
538 3627 564 3681 δὲ
576 3627 674 3700 πρώτῃ,
692 3629 788 3699 inquit,
805 3631 854 3680 τῶν
871 3625 970 3700 ἀζύμων
987 3627 1123 3702 προςῆλθον
1138 3627 1161 3682 οἱ
1176 3630 1294 3700 μαύηταίι
1319 3631 1411 3686 Prisca
1423 3634 1462 3684 die

301 3734 444 3784 arpmorrsm
456 3723 619 3768 accesserunt
629 3716 757 3784 discipuli.
791 3715 896 3768 Μύκων
907 3731 968 3768 sero
981 3731 1036 3786 cap.
1046 3733 1113 3780 riu,
1130 3715 1170 3768 acl
1184 3719 1214 3786 τῇ
1227 3715 1312 3786 πρώτῃ
1323 3715 1404 3788 ἡμέρᾳ
1416 3719 1460 3768 τῶν

300 3799 410 3872 ἀζύμων,
423 3797 463 3852 ὅτε
475 3800 503 3852 rb
516 3797 602 3870 πάσχα
614 3795 696 3851 s'duou:
724 3799 815 3852 Prima
827 3802 869 3852 die
880 3818 1035 3868 aspanorum
1047 3803 1146 3870 wando
1154 3801 1258 3870 pusclsu
1270 3803 1459 3872 sucdficndast.

299 3886 418 3958 Denique
429 3886 514 3944 Lucas
526 3901 582 3956 cap.
592 3903 649 3948 xx.‚
662 3884 687 3940 7.
700 3878 760 3952 ἦλθε
773 3884 799 3938 a
810 3883 889 3958 ἡμέρα
900 3886 949 3936 τῶν
962 3880 1074 3954 ἀζύμων,
1091 3882 1115 3936 ἐν
1128 3879 1143 3956 ᾗ
1156 3883 1203 3938 ἔδει
1214 3884 1311 3938 θύεσθαι
1323 3885 1352 3938 τὶν
1364 3883 1457 3956 πάσχω

306 3972 446 4026 Ventidius
458 3990 610 4040 asperorum,
622 3975 649 4022 in
660 3989 711 4040 qua
723 3971 854 4042 oportebat
864 3972 994 4024 immolare
1001 3970 1113 4040 pascha.
1133 3971 1271 4026 Manifesta
1282 3972 1395 4042 primaru
1404 3987 1459 4042 ary·

301 4075 404 4114 morum
421 4057 566 4128 appellant,
584 4071 651 4125 qnae
667 4070 803 4125 avespora
818 4055 897 4111 fedas
909 4073 933 4110 v.
951 4055 1046 4126 coepit,
1065 4073 1117 4127 qua
1133 4056 1174 4110 die
1189 4055 1288 4128 pascha
1302 4057 1335 4112 de
1345 4075 1418 4115 mors
1428 4057 1458 4110 ab

302 4143 426 4214 apostolis
437 4146 620 4214 praeparatum
630 4145 657 4194 et
667 4139 848 4210 patrifamilias
860 4139 1044 4194 denunciatum
1055 4143 1164 4196 ridetur.

369 4228 505 4292 Aiiiuero,
522 4227 568 4298 qui
585 4243 644 4282 cum
661 4223 806 4294 Epiphanio
826 4226 984 4296 caeterisque
1003 4227 1166 4296 gravasimis
1183 4227 1350 4298 scriptoribus
1367 4232 1458 4300 negent

303 4311 393 4364 eodem
405 4312 445 4364 die
456 4312 555 4384 pascha
566 4311 737 4374 celebratum,
752 4310 857 4366 loannis
867 4311 1046 4366 testimoninm
1062 4311 1209 4382 proferunt,
1224 4314 1271 4384 qui
1285 4313 1313 4368 id
1328 4321 1415 4385 aperte
1429 4329 1457 4366 sc

303 4397 368 4450 citra
379 4397 503 4467 ambages
515 4397 658 4468 significat,
670 4396 784 4466 primum
795 4413 851 4466 cap.
863 4415 935 4459 suu,
953 4397 979 4452 1:
1004 4397 1051 4468 πρὶν
1068 4401 1110 4464 τῆς
1122 4395 1206 4468 ἑορτῆς
1218 4403 1262 4451 τοῦ
1275 4397 1362 4470 stega
1373 4399 1458 4454 scribit

304 4479 436 4536 Christum
446 4480 568 4550 paschate
580 4497 628 4536 suo
641 4480 802 4546 defunctum,
814 4481 841 4534 id
853 4491 893 4536 ast
903 4487 1064 4552 natsssatusa
1071 4483 1198 4554 passius.
1221 4483 1286 4540 item
1298 4501 1321 4540 o.
1330 4503 1408 4552 nrm,
1419 4482 1456 4538 id

303 4565 412 4621 Iudaeos
423 4565 462 4618 ait
472 4567 529 4634 ipso
540 4566 581 4620 die
592 4581 745 4634 parasceves
756 4569 858 4638 ingredi
869 4569 976 4621 salutm
985 4573 1156 4640 pransum,
1172 4588 1204 4624 as
1221 4575 1456 4634 audomarum,
