3104 5038
312 319 464 382 GOOXXIV

311 511 359 550 nec
368 497 396 550 in
407 496 532 566 profanos
544 495 703 549 dividendae.
739 495 792 548 Has
805 495 928 566 reliquias
941 497 1062 567 carthag.
1076 497 1198 567 Synodus
1217 505 1380 552 sacramenta
1390 505 1456 562 secat

313 581 382 652 quod
399 599 433 634 ex
451 582 503 633 illis
521 589 685 634 sacramenta
702 581 802 647 fierent,
820 583 857 634 uti
876 599 923 635 nos
941 583 1039 635 hostias
1056 583 1136 652 uulgo
1154 582 1197 644 τὰς
1216 584 1324 653 μερίδας,
1343 586 1394 637 sire
1406 604 1457 654 pur·
1530 613 1531 634 i

314 670 414 733 riculae,
432 668 512 720 etiam
526 675 586 720 ante
599 669 821 720 consecrationem
834 669 1004 738 appellamus.
1040 667 1196 738 Quanquam
1210 677 1235 722 et
1248 677 1407 722 sacramenta
1416 672 1459 722 scio

312 755 392 806 etiam
410 754 529 806 absolute
546 771 593 822 pro
611 754 770 822 quibuslibet
787 754 904 822 mysticis
923 754 1006 823 siguis
1027 755 1146 824 usurpari
1164 754 1282 824 adeoque
1301 773 1348 826 pro
1366 756 1422 816 sale,
1437 771 1460 806 sc

313 839 431 902 caeteris,
444 855 510 908 qaae
523 837 716 891 catechumenis
729 838 864 892 dabantur.
874 841 941 908 Aug.
955 839 1010 894 Lib.
1023 859 1051 909 rr.
1064 840 1096 892 de
1110 841 1207 894 Peccat
1222 841 1322 894 meritis
1334 857 1388 911 cap.
1399 858 1460 892 aaa:

313 925 350 976 Et
366 927 433 994 quod
450 928 590 993 accipiant,
608 928 721 994 quamuis
740 943 787 976 non
805 929 839 976 sit
857 943 948 994 corpor
967 925 1064 976 Christi
1080 925 1123 992 (de
1142 925 1336 979 catechumenis
1354 927 1461 996 loquitur)

312 1020 427 1062 sanctum
446 1019 584 1074 esttamen,
603 1014 759 1074 etsanctins,
778 1029 851 1078 qnam
865 1011 916 1062 cidi
933 1012 1021 1080 quihus
1039 1013 1140 1074 alirnnr,
1163 1016 1280 1080 quaenam
1292 1021 1461 1064 sacramentun
1531 1011 1532 1020 ’

314 1107 356 1148 sat.
392 1095 465 1160 Quae
483 1096 624 1164 Augustini
641 1095 721 1148 verba
739 1101 824 1148 utrum
842 1095 875 1147 ad
901 1111 994 1165 panem
1021 1097 1175 1165 vinumque,
1202 1113 1305 1166 exque
1324 1095 1463 1149 eucharistia

313 1181 432 1233 conlecta
440 1181 496 1251 jam
509 1187 574 1244 erat,
592 1181 681 1234 referri
694 1179 813 1244 debeant,
831 1181 999 1249 cogitandum
1012 1182 1125 1250 amplius
1138 1190 1184 1236 est.
1220 1181 1286 1234 Cum
1298 1183 1378 1250 igitur
1389 1181 1462 1234 fideles

314 1266 405 1319 eadem
423 1267 514 1320 diehm
533 1267 655 1319 omnibus
673 1274 842 1329 sacramenta,
860 1266 910 1319 hoc
927 1275 967 1318 est
984 1266 1180 1330 eucharistiam,
1202 1283 1269 1336 quse
1286 1267 1402 1321 fidelium
1417 1283 1463 1336 pro·

314 1351 371 1421 pria
396 1359 444 1417 est,
470 1359 608 1421 usurpent,
635 1369 687 1405 non
713 1352 809 1404 debent
835 1353 920 1416 (aiunt
938 1352 1156 1422 Carthaginenses
1173 1353 1275 1422 Patres)
1302 1351 1463 1406 catechumeni

314 1437 419 1507 propris
436 1437 534 1491 ordinis
552 1438 593 1491 sui
611 1453 641 1491 ac
659 1443 742 1492 status
761 1444 926 1492 sacramenta
937 1448 1047 1504 mutare,
1064 1455 1149 1508 neque
1161 1439 1261 1508 aliquid
1277 1445 1381 1508 praeter
1396 1439 1463 1490 salem

314 1537 439 1593 accipere.

286 1639 292 1652 ·
386 1604 424 1660 Τὰ
436 1608 463 1660 δὲ
481 1604 547 1659 ἄλλα
565 1609 705 1678 μυστήρια]
727 1609 806 1662 (laute
824 1625 855 1662 ac
872 1609 1058 1680 circumspecte
1076 1608 1108 1660 de
1126 1609 1295 1661 sacramentis
1312 1615 1339 1662 et
1354 1607 1466 1662 inferiori·
1533 1597 1534 1634 ³

316 1693 364 1748 bus
381 1695 513 1764 mysteriis
526 1696 685 1748 mentionem
697 1696 821 1764 aspergit.
858 1695 895 1748 lta
907 1697 1053 1764 complures
1066 1705 1181 1748 veterum
1193 1711 1253 1747 cum
1265 1693 1297 1747 de
1309 1693 1466 1747 sacramentis

315 1795 459 1850 eorumque
476 1780 567 1834 formis
594 1781 733 1843 disserunt,
757 1781 876 1834 consulto
895 1797 948 1832 rem
967 1781 1116 1844 obscurant,
1142 1796 1227 1849 neque
1245 1781 1324 1850 plena
1341 1789 1466 1850 apertaque

315 1883 377 1920 voce
406 1867 545 1920 declarant.
581 1866 676 1930 Pauca,
703 1881 769 1935 quae
796 1865 828 1918 ad
855 1882 959 1918 manum
986 1865 1063 1919 modo
1090 1872 1158 1930 suut,
1186 1865 1308 1935 exempla
1330 1865 1466 1935 producam.

315 1955 426 2022 August.
439 1951 485 2022 up.
498 1969 560 2005 avit.
579 1952 612 2003 ad
630 1952 793 2004 Dardanum:
813 1951 890 2004 Nosti
916 1961 998 2002 antem
1015 1957 1042 2002 in
1061 1971 1107 2020 qao
1125 1953 1255 2014 sacrificio
1275 1952 1392 2016 dicutur,
1410 1951 1467 2002 Gro-

317 2042 369 2090 ts'as
387 2056 494 2106 aponus
512 2040 610 2091 domino
629 2041 674 2090 deo
698 2048 789 2091 nosero.
825 2037 993 2090 Innocentius
1010 2038 1111 2108 primus
1128 2035 1175 2106 Ep.
1188 2055 1206 2090 1.
1227 2036 1260 2088 ad
1278 2037 1426 2090 Decentium
1442 2033 1468 2084 ds

316 2121 484 2176 Sacramenta
503 2121 727 2176 Confirmationis:
752 2122 836 2174 Verba
854 2141 912 2175 nero
930 2125 1016 2175 dicere
1035 2141 1082 2187 non
1095 2141 1207 2192 pensam,
1226 2140 1256 2173 rac
1274 2127 1358 2190 mauis
1369 2123 1468 2191 prodm

317 2209 416 2272 videar,
442 2226 512 2278 quern
538 2209 575 2262 od
599 2209 805 2260 costaaltationsrn
830 2211 990 2277 respendere.
1030 2207 1074 2261 Sic
1101 2205 1260 2278 Epiphanius
1285 2207 1421 2277 aliquoties
1443 2203 1469 2256 ds
1535 2233 1536 2238 =

317 2292 473 2346 eucharistia
489 2293 578 2346 timide
596 2293 758 2362 obscureque
775 2293 876 2346 locutus
894 2299 941 2346 est.

365 2375 442 2430 ·’Er.l
460 2377 487 2430 il
504 2381 553 2429 τῶν
571 2377 787 2446 τελευτησάντων]
822 2379 860 2432 De
878 2379 1041 2432 orationibus
1059 2387 1085 2431 et
1102 2378 1246 2442 sacrificiis,
1265 2393 1332 2448 quae
1349 2393 1395 2448 pro
1411 2391 1469 2429 mor·

317 2463 371 2517 tuis
386 2465 421 2518 ab
442 2464 550 2517 ecclesia
567 2464 731 2517 celebrantur
748 2463 860 2534 insignis
878 2481 909 2517 ac
926 2464 1102 2518 memorabilis
1115 2463 1156 2517 hic
1174 2465 1246 2517 locus
1259 2469 1307 2518 est.
1329 2462 1381 2516 Sed
1399 2461 1470 2515 multo
1536 2508 1537 2534 ,

317 2550 450 2620 copiosius
460 2555 538 2620 atque
548 2549 696 2619 expressius
706 2549 733 2602 in
744 2549 913 2602 Airianorum
923 2549 1024 2602 haeresi
1033 2550 1111 2602 ritum
1120 2550 1193 2602 illum
1202 2550 1327 2602 ecclesiae
1335 2552 1470 2619 pertractat,
1536 2569 1537 2572 ¹

318 2652 384 2705 quae
402 2635 619 2690 sathanacum
637 2653 663 2688 n.
675 2653 720 2688 vn.
755 2633 822 2687 Nam
841 2635 932 2688 Airius
950 2635 1055 2700 eodem,
1074 2651 1125 2705 quo
1143 2634 1266 2688 haeretici
1284 2635 1377 2697 nostri,
1394 2631 1471 2685 furore

318 2723 484 2790 amentiaque
502 2722 614 2791 percitus
632 2729 795 2773 mortuorum
807 2719 840 2772 ad
852 2721 933 2774 altare
945 2721 1232 2785 commemorationem,
1249 2720 1361 2790 iusaqne
1373 2734 1417 2790 pro
1427 2715 1471 2768 illis

318 2823 408 2876 preces
426 2813 452 2860 et
468 2805 596 2859 sacrificia
614 2805 757 2870 deridebat,
776 2813 867 2858 contra
880 2823 957 2878 quem
970 2806 1131 2878 Epiphanius
1143 2806 1348 2859 luculentissime
1361 2803 1471 2874 disputat

318 2889 418 2962 Ὠφελεῑ
436 2892 470 2962 δὲ,
488 2891 581 2963 iuquit,
599 2891 639 2943 aul
657 2890 672 2958 ἡ
691 2889 750 2961 ὑπὲρ
763 2889 844 2943 ἀυτῶν
864 2891 987 2962 γινομένη,
1006 2889 1026 2942 sl
1043 2891 1083 2942 nal
1101 2889 1131 2942 ric
1149 2889 1197 2942 ὅλα
1214 2892 1263 2942 τῶν
1282 2885 1471 2960 alarapirmspiq

319 2975 468 3030 trostmar:
490 2979 562 3040 Quae
575 2998 626 3048 pro
644 2981 735 3030 mortui
752 2982 929 3047 concipiantur
956 2995 1057 3048 preces,
1084 2981 1117 3028 iis
1133 2978 1209 3030 utiles
1225 2985 1295 3040 sant,
1320 2979 1417 3028 tametsi
1432 2991 1470 3023 nou

319 3079 404 3118 oneres
419 3065 510 3132 culpas
528 3067 682 3132 exaequant.
718 3062 792 3127 Quod
809 3062 927 3134 pluribus
954 3063 1091 3133 exequitur
1109 3065 1220 3132 August
1244 3062 1289 3116 lib.
1307 3061 1341 3115 de
1358 3076 1417 3114 cura
1432 3074 1471 3130 pro

319 3148 622 3220 hiert.Agend.cap.1.,
647 3149 693 3202 nbi
719 3164 848 3218 quaenam
874 3155 1040 3217 peccatorum
1068 3163 1165 3218 genera
1190 3148 1217 3201 in
1235 3149 1346 3200 mortuis
1363 3145 1472 3216 precibus

319 3236 371 3289 illis
389 3240 415 3288 et
425 3233 559 3288 sacrificiis
571 3233 672 3305 expiari
682 3235 794 3304 possint,
816 3234 942 3288 edisserit.
975 3233 1008 3286 Et
1019 3235 1098 3304 paulo
1110 3239 1178 3296 anm,
1197 3233 1230 3284 ln
1241 3232 1472 3288 Macchabaeorum

320 3321 414 3391 iuquit,
440 3322 514 3372 libris
539 3323 643 3388 lepimas
669 3322 778 3372 oblatam
803 3339 851 3388 pro
867 3325 972 3372 mortuis
988 3322 1153 3388 sacrificium.
1186 3317 1238 3370 Sed
1254 3321 1302 3370 etsi
1320 3335 1435 3386 nmquam
1450 3319 1472 3364 is

320 3409 458 3475 scripturis
474 3407 598 3458 ocimiboa
615 3411 712 3458 omnino
729 3405 863 3474 legeretur,
889 3425 938 3457 non
952 3425 1040 3474 parua
1058 3415 1094 3457 cst
1110 3409 1244 3456 uniuersae
1261 3405 1393 3467 ccclesias,
1418 3416 1473 3470 quoe

320 3495 348 3543 in
366 3490 416 3543 hac
434 3493 610 3544 consuetudins
629 3493 712 3543 claret
728 3495 877 3554 auctoritas,
895 3489 939 3543 ubi
955 3495 983 3542 in
996 3491 1117 3560 precihus
1134 3483 1284 3554 iscariotis,
1302 3507 1368 3560 qaae
1385 3489 1473 3540 dommi

321 3577 367 3630 deo
385 3577 422 3628 ad
438 3578 491 3645 ejas
509 3577 594 3629 altare
603 3579 757 3646 fundantur,
775 3578 855 3628 boans
872 3594 942 3626 auam
954 3575 1030 3628 hahet
1041 3579 1117 3628 sliam
1130 3575 1311 3627 cornmcndatio
1323 3585 1473 3627 marmoren·

321 3661 354 3714 lit
370 3676 427 3731 cap.
444 3662 496 3714 ult.-
516 3661 588 3723 Qaac
606 3679 659 3714 cam
678 3667 717 3714 ita
734 3665 791 3726 sint,
810 3679 858 3714 non
875 3665 1042 3713 existimemus
1061 3662 1099 3713 aci
1109 3669 1225 3724 morasus,
1233 3679 1283 3730 pro
1295 3661 1383 3728 quibus
1394 3673 1473 3710 caran

320 3751 439 3816 perimas,
454 3752 596 3817 pervenire,
615 3751 666 3799 nini
682 3749 748 3818 qnod
759 3767 810 3816 pro
828 3753 865 3800 eis
886 3751 938 3798 sive
956 3747 1059 3811 altaria,
1075 3751 1130 3799 sios
1146 3749 1297 3810 orationum,
1314 3749 1368 3798 sins
1384 3745 1475 3797 stem

321 3851 443 3902 synarans
459 3835 599 3902 sucrrficiis
616 3833 751 3886 solenniter
768 3833 949 3903 supplicamns,
968 3836 1082 3902 momnis
1099 3849 1148 3884 non
1160 3849 1212 3902 pro
1224 3832 1313 3902 quibua
1323 3833 1391 3901 fiant
1405 3829 1474 3882 omni·

322 3920 366 3971 bns
380 3924 494 3990 prosint,
511 3922 557 3972 aed
573 3923 607 3971 iis
625 3928 733 3983 tantam,
759 3919 847 3988 quibas
864 3919 922 3970 darn
939 3922 1026 3970 suivans
1050 3926 1216 3987 comparatur
1237 3928 1265 3969 ut
1283 3921 1390 3985 prosim.
1421 3913 1474 3966 Fre

322 4007 495 4076 quentissims
512 4009 551 4060 est
568 4011 594 4058 et
618 4005 689 4058 illius
715 4003 910 4057 consuetudinis
936 4001 1005 4074 apud
1022 4001 1182 4074 Cyprianum
1200 4002 1306 4056 mentio.
1341 4001 1375 4056 Ut
1390 4001 1416 4054 in
1432 3999 1474 4068 iip-

323 4106 404 4159 nxvs,
421 4094 449 4146 in
467 4107 520 4162 qua
537 4091 668 4144 decretum
686 4091 723 4142 ait
740 4089 905 4143 inconcilio:
928 4089 1000 4143 Utri
1010 4094 1066 4158 qais
1077 4095 1185 4143 moriens
1197 4091 1317 4142 clericam
1330 4097 1429 4142 maren
1440 4102 1475 4136 rs·

323 4177 443 4246 liquabant,
461 4195 510 4230 nen
527 4181 662 4248 offerretur
674 4195 725 4246 pro
738 4193 773 4239 so,
791 4193 836 4228 nec
848 4177 1004 4244 sacrificium
1013 4193 1063 4244 pro
1076 4176 1224 4228 dormitione
1237 4175 1290 4244 ςίνν
1302 4175 1475 4228 adstruatur.

323 4257 450 4334 Vetatqne
467 4279 531 4317 mox
548 4263 755 4334 deprecationem
781 4277 827 4331 pro
855 4277 886 4315 eo
904 4263 984 4314 ullam
1002 4261 1035 4314 ad
1053 4262 1135 4315 altars
1151 4260 1215 4314 lieri.
1250 4259 1359 4314 Tertull.
1375 4257 1405 4312 ds
1421 4256 1474 4310 Gor.

324 4345 379 4401 llil.
396 4365 453 4419 cap.
465 4366 509 4406 111:
531 4347 676 4401 Oblationes
689 4366 739 4418 pro
758 4349 894 4415 dqisnctis,
918 4367 967 4418 pro
985 4349 1125 4413 natalitiis,
1152 4365 1239 4400 annua
1257 4349 1299 4400 dia
1310 4349 1433 4416 sociam,
1451 4343 1475 4392 el

325 4431 388 4486 slihi
405 4449 491 4505 saepe.
526 4433 654 4488 Eusebius
671 4427 763 4488 lib.1'v.
781 4431 1066 4498 deVitaGonstantini,
1093 4451 1152 4488 cum
1170 4431 1370 4504 deejusiuncre
1381 4427 1473 4484 scribit2

325 4513 356 4568 ri
372 4535 397 4569 τι
415 4524 456 4585 τῆς
473 4518 555 4571 ἐνθέου
573 4519 684 4588 λατρείας
702 4517 726 4571 δί
743 4517 823 4588 εὐχῶν
841 4515 998 4590 ἀνεπλήρουν.
1033 4519 1149 4590 daupeins
1167 4520 1282 4590 appellat
1299 4515 1385 4572 altaris
1401 4510 1473 4567 suri·

325 4601 424 4657 licium.
456 4605 521 4658 Mox
539 4604 582 4654 ahs
600 4600 719 4675 κλαυθμῷ
737 4603 764 4658 il
781 4603 865 4657 πλέονι
882 4605 923 4665 τὰς
941 4603 1014 4677 εὐχὰς
1031 4604 1091 4676 incip
1108 4609 1150 4672 τῆς
1167 4593 1289 4674 hundius
1308 4601 1385 4674 ψυχῆς
1400 4593 1472 4650 inedi-
