3126 5046
1129 305 1263 366 corum

100 459 1036 532 paenarumpreapneapeaaaegaaraemdnenmalesdtre
1070 461 1261 519 dedabflosia

100 551 128 598 at
139 546 319 600 Alenaudriuo
331 547 441 602 romilio
452 547 592 618 prirb'nurn
602 548 630 602 in
641 547 754 602 ordinem
763 548 914 618 ¹eompuleaa
930 553 979 604 ast.
1012 547 1084 602 ldeus
1100 553 1127 601 et
1140 547 1263 604 haeresin

100 631 263 702 peealleran
276 632 372 697 tenuit,
389 643 417 686 at
427 635 499 686 denas
510 633 632 686 mulorum
637 637 762 702 fortuma
773 651 820 686 nors
833 651 886 686 esse
897 635 1004 696 diceret,
1021 639 1050 686 ut
1060 633 1223 702 Augustinus
1233 639 1261 688 st

100 715 259 772 Pbilutrius
269 717 371 774 dorent
406 717 481 782 Quod
492 718 524 772 de
534 718 567 772 iis
579 719 655 772 malls
665 718 838 789 arripiendum
849 724 890 772 ast
900 733 968 788 quae
979 735 1024 788 por
1035 733 1093 774 sese
1106 718 1187 783 bam,
1201 719 1263 776 ideu-

100 803 174 856 nrels
185 802 314 868 dieantur,
326 803 396 874 quod
406 803 440 856 ad
451 803 580 858 malorum
591 820 688 874 poeuea
699 802 855 874 infliguntur.

170 887 203 942 N.
215 905 255 944 ιιι.
280 887 424 960 'llprpbprov
436 889 485 959 γὰρ
496 886 510 941 ὅ
523 892 631 950 τοιοῦτος
643 886 698 957 nl]
721 887 861 958 'llpsptpros
878 889 946 942 idem
958 895 999 942 est
1010 889 1079 958 quod
1089 889 1218 959 Haerebio
1231 907 1262 946 ιο

99 973 201 1028 smnus
212 971 350 1046 Μάριον,
367 973 418 1030 hoe
433 979 474 1029 est
487 974 562 1045 ἥμισυ
574 973 677 1046 ἱματίου.
711 974 838 1030 Palladios
854 975 883 1028 in
897 973 1166 1040 distensionem,
1184 992 1262 1046 quem

100 1059 168 1112 uitat
177 1059 322 1114 Maurius:
339 1057 419 1112 adoro
435 1059 509 1128 οὖιῆς
525 1060 568 1127 (de
583 1061 697 1114 Melania
712 1061 819 1128 iunioral
835 1058 866 1112 ult
882 1059 970 1129 οηριιὰ
980 1059 1099 1129 ἡμιφόριι
1111 1059 1262 1132 καλύμματι

101 1147 155 1204 τοῖς
165 1143 501 1214 θιωιτηρίοιςῶωρήοιτο.
520 1145 705 1216 Utraquerooe
714 1145 931 1200 dmidietevestia
943 1145 1105 1216 exprimitur.
1122 1146 1262 1204 Golobiaar

101 1240 204 1283 οινιοιι
215 1234 326 1284 mneos·
337 1231 500 1302 interpretari
510 1232 604 1301 poesia.
639 1231 738 1302 Proprie
750 1230 853 1301 quidem
865 1247 932 1300 quea
944 1231 1054 1284 manicis
1069 1239 1157 1286 οιιιιι
1171 1249 1202 1288 ιο
1217 1233 1261 1288 de·

100 1321 206 1369 ourtau
216 1316 258 1370 sit
292 1317 332 1370 De
347 1333 398 1387 qua
414 1316 531 1370 nonnihil
545 1316 578 1370 ad
589 1314 755 1370 Themistlum
766 1317 889 1370 diximus.
923 1315 975 1370 Sed
987 1331 1039 1370 nou
1052 1317 1138 1372 minus
1150 1323 1210 1388 apte
1223 1319 1261 1372 sio

100 1402 230 1472 appellari
241 1401 349 1467 ridetur,
366 1401 428 1473 quid
444 1419 496 1456 non
514 1403 582 1456 ultra
596 1408 684 1472 pertua
701 1411 774 1472 etque
791 1401 913 1456 humeros
924 1407 1036 1472 pateret,
1052 1403 1128 1471 quasi
1144 1403 1261 1458 dimidie·

100 1493 158 1540 tum
169 1493 241 1540 esset
251 1487 367 1558 pallium.
391 1487 523 1557 Siquidem
536 1487 673 1564 κολοβιῶνι
684 1488 763 1542 latum
774 1489 876 1542 darum
889 1487 1019 1542 nominari
1031 1489 1206 1554 oausatdrrm
1217 1491 1261 1546 oui

99 1571 259 1642 respondere
271 1573 335 1626 disit
345 1573 525 1626 indumentum
536 1572 601 1626 illud
613 1590 645 1628 ex
657 1589 767 1644 purpure
778 1573 846 1642 quod
863 1589 880 1626 ι
896 1572 996 1626 oeulos
1012 1571 1046 1628 ad
1062 1579 1153 1642 psotua
1170 1581 1261 1628 exten·

102 1663 160 1712 orn
170 1658 312 1729 gestabant
322 1659 460 1729 principes.
477 1658 547 1728 llrgo
557 1665 690 1729 propterea
699 1658 810 1726 ιιλόβιον
822 1663 848 1712 et
858 1655 989 1727 ἡμιφόριον
1001 1664 1122 1710 voratum
1134 1663 1186 1722 est,
1198 1659 1261 1729 quie

100 1743 279 1796 immerentis
291 1760 363 1796 rnore
373 1759 539 1814 nequaquam
551 1743 743 1799 extendebatur.
776 1742 852 1798 Aliud
864 1747 906 1796 est
916 1740 1059 1812 bpopdprov
1071 1743 1260 1814 episcoporum,

103 1829 136 1882 ds
147 1845 202 1899 quo
216 1828 363 1884 Germanus
374 1828 682 1900 Constantinopolitanae.

170 1913 307 1966 Σιιιῦνδον
318 1910 367 1984 γὰρ
379 1915 421 1966 rba
434 1913 635 1982 llserersoilrrp]
666 1915 724 1969 Fuit
734 1915 781 1970 ists
791 1914 959 1969 Pmlamaidis
971 1914 1121 1986 epiecopus,
1138 1915 1184 1984 qui
1200 1932 1260 1970 raus

101 1999 223 2065 Theona,
236 2000 305 2070 quod
314 2001 404 2054 Arium
417 2001 539 2056 damnus
550 2001 632 2056 nollet
641 2002 668 2056 iu
679 2000 788 2056 Niraeuo
800 2000 909 2054 concillo
920 1999 1058 2055 dennetm
1070 2004 1122 2064 eat,
1134 1998 1212 2054 bomo
1223 2007 1260 2054 te·

101 2086 234 2142 turrinus.
257 2086 337 2140 (iuius
348 2087 461 2158 sparsim
472 2085 630 2141 athanasiae
642 2087 764 2142 meminit

170 2171 203 2224 N.
215 2189 251 2226 rr.
270 2170 349 2232 Εὐθὺς
361 2171 462 2242 τελευτᾷ
473 2169 487 2224 ὅ
500 2169 679 2242 ὁμολογηοίς.]
697 2173 777 2226 Tanto
789 2177 850 2226 anta
862 2171 1003 2226 Alexandri
1013 2176 1123 2226 martem
1134 2176 1162 2224 at
1171 2172 1261 2228 Νἰοιι·

101 2273 168 2310 nam
184 2257 323 2311 ennodium
335 2257 477 2312 dsoesslsse
488 2259 621 2312 Meletium
636 2263 717 2329 putet.
748 2258 778 2312 ln
795 2273 847 2328 quo
859 2256 1022 2312 vehementer
1039 2262 1120 2322 errat,
1138 2264 1262 2329 utsupra

102 2342 311 2396 mensorem
322 2350 363 2396 eet
373 2343 401 2396 in
412 2343 612 2398 Malatisnorum
623 2343 767 2398 summale.

170 2427 203 2482 ll.
215 2447 240 2482 r.
263 2425 334 2499 “Ape
345 2429 472 2499 Λοοιιινῷ
489 2426 514 2480 lv
529 2429 695 2500 Neroppbrlp]
728 2429 841 2484 Luolauo
858 2429 1023 2484 sanotissinro
1041 2433 1167 2498 martyre,
1184 2445 1262 2500 quern

103 2513 275 2570 nibilominus
287 2515 377 2568 Ariani
387 2521 525 2585 patronum
537 2521 705 2586 tutoremque
716 2531 789 2569 sunm
800 2515 939 2569 lactabant
962 2515 1001 2568 De
1013 2531 1064 2584 quo
1077 2515 1154 2584 paulo
1166 2521 1232 2584 post.

171 2599 203 2656 ll.
213 2617 247 2655 vr.
266 2599 311 2652 llel
320 2601 367 2652 πᾶν
376 2599 452 2652 rerba
462 2603 540 2668 ensi]
558 2602 621 2672 Lag.
634 2618 667 2654 ar
676 2599 832 2655 Theodoreto
843 2601 888 2654 lib.
897 2619 915 2654 r.
927 2616 1025 2670 oap.v.,
1039 2599 1083 2652 ubi
1093 2598 1158 2652 baeu
1169 2599 1261 2652 eadem
1286 2619 1307 2660 p.
1317 2607 1363 2652 teo.

102 2685 217 2755 epistola
227 2686 381 2751 continetur,
392 2683 473 2738 πάντα
484 2684 567 2740 κόλων
580 2690 649 2740 anri:
674 2689 770 2740 (larem
781 2695 858 2739 mosa
868 2687 1005 2738 rodentem.
1040 2683 1210 2738 Neminem
1221 2691 1262 2738 eat

101 2770 276 2840 proverbium

170 2854 219 2908 Kal
229 2854 359 2918 Θεοδόσιος
377 2857 418 2909 rol
429 2857 572 2926 nondinae]
604 2859 665 2928 Lag.
683 2857 801 2918 Θεόδοτος
817 2873 870 2910 uon
887 2856 1031 2923 θιοδόοιος,
1048 2871 1082 2908 ex
1099 2853 1260 2910 Theodoreto

101 2941 147 2996 lib.
158 2959 178 2996 ι.
189 2955 247 3011 rap.
255 2957 289 3006 sa,
300 2947 327 2994 et
338 2941 444 3013 Nieepb.
456 2944 502 2997 lib.
512 2961 568 2998 rm,
580 2960 635 3014 erp.
646 2961 680 2998 rr.
702 2943 761 2996 Fuit
771 2942 811 2996 bie
820 2941 961 2996 Laodiceae
970 2941 1124 3011 epiecopus,
1136 2941 1260 2996 Paulinae

101 3027 177 3096 Tyri,
188 3025 346 3080 Athanasius
358 3029 499 3092 Anasarbi,
512 3029 653 3098 Gregorius
665 3029 765 3097 Brrpti,
776 3027 989 3096 Adtiuslrpddas.

171 3111 221 3164 ilua
232 3113 406 3184 Λουιιινιοτᾷ,
418 3111 516 3180 ἀληθῶς
528 3113 646 3183 Eleusin]
682 3113 874 3170 Emendandum
886 3111 1103 3166 Συλλουιιινιοτὰ.
1131 3111 1199 3168 Nam
1211 3113 1261 3168 bu·

101 3197 172 3252 oeni
182 3199 304 3267 martyria
317 3198 457 3270 disoipulos
468 3216 497 3252 ee
509 3215 566 3254 esse
578 3199 763 3270 gloriabantur.
796 3199 940 3254 Alexander
958 3200 1097 3270 episeopus
1107 3199 1261 3254 Alexandri-

102 3299 152 3336 nas
169 3283 197 3338 iu
214 3283 295 3356 Epist
313 3285 346 3338 ed
359 3285 536 3340 Alexandrum
551 3285 745 3356 constantinop.
756 3285 898 3340 Luoieuum
915 3285 1078 3355 perstringit,
1097 3286 1173 3354 quasi
1188 3285 1262 3340 Pauli

102 3367 270 3424 dmentem
282 3370 378 3440 dogma
389 3373 494 3426 tsoutus
505 3377 586 3436 emet,
601 3372 634 3424 ob
645 3371 722 3441 idque
734 3387 751 3422 ι
761 3371 841 3424 tribus
853 3370 974 3440 deinceps
985 3368 1152 3424 Andoobenls
1164 3371 1262 3442 episeo-

102 3455 143 3524 pis
155 3454 190 3508 ab
202 3455 311 3508 eooleeia
321 3455 446 3510 reiectum
456 3457 557 3510 asserit.
575 3457 648 3510 liure
657 3456 747 3509 Ariani
758 3457 872 3509 remetior
884 3456 1014 3510 eseisoere
1024 3455 1075 3509 eibi
1086 3471 1117 3510 ιο
1125 3455 1262 3512 vendicare

102 3539 255 3604 madebantr
272 3539 337 3594 eden
352 3541 470 3612 quidem,
488 3549 518 3596 at
532 3541 558 3596 in
570 3539 729 3596 Antiocheae
744 3541 843 3610 synodo
859 3541 918 3594 fidei
935 3541 1073 3596 formulam
1088 3549 1214 3611 tauquam
1226 3542 1260 3595 eb

101 3625 147 3679 illo
159 3631 314 3696 emoeptem
323 3625 458 3680 ediderint.
490 3628 541 3682 Sed
552 3628 695 3682 burianum
706 3629 740 3682 ab
752 3644 783 3681 ea
794 3627 923 3680 oeluurnia
935 3632 1030 3697 purgat
1040 3625 1136 3682 Berua.
1147 3628 1175 3680 ia
1187 3625 1261 3686 Natis

102 3711 135 3764 ad
145 3710 356 3781 memmingen
371 3713 399 3766 lu
412 3714 505 3768 Annal.
518 3713 587 3770 Eoel.
599 3731 623 3770 ι.
633 3713 692 3770 311.
705 3721 731 3768 et
741 3714 800 3768 318.
836 3709 884 3766 Ubi
900 3711 1045 3788 burianum
1062 3711 1139 3766 donet
1154 3712 1185 3766 in·
1199 3727 1260 3766 oon·

101 3795 213 3850 lnhada
223 3795 431 3852 &bellianorunr
442 3797 542 3854 haeresi
554 3801 657 3870 longina
669 3815 836 3869 progressum
852 3798 1008 3852 conbanem
1023 3799 1051 3851 in
1066 3803 1167 3868 partem
1183 3797 1261 3868 paulo

101 3881 282 3936 vehementius
294 3882 452 3946 inrubuisee,
463 3890 490 3937 et
498 3893 527 3937 ut
536 3901 706 3955 personarum
717 3883 854 3936 discrimen
866 3881 1016 3946 adstrueret,
1027 3885 1152 3936 nonnulla
1162 3882 1261 3946 ieoiase,

102 3981 173 4038 quae
183 3967 273 4020 Ariani
283 3967 450 4038 postmodum
461 3970 546 4022 exorti
557 3985 633 4024 suane
644 3969 671 4022 iu
684 3983 761 4022 naum
770 3967 965 4022 transtulerunt
1000 3966 1074 4030 Quod
1089 3967 1158 4020 idern
1170 3969 1261 4038 pleris-

103 4067 155 4123 que
166 4057 284 4106 veterum
295 4059 399 4123 patrum
410 4069 470 4108 cum
481 4054 508 4107 iu
520 4052 568 4108 boo
579 4054 697 4123 negotio,
714 4058 770 4106 tum
781 4054 808 4106 in
820 4053 879 4106 allis
889 4052 950 4106 fidei
962 4050 1121 4106 Gbrietienaa
1133 4053 1260 4122 oapitlbua

102 4137 239 4202 ιιιιιιίο,
255 4144 286 4190 ut
300 4144 361 4192 aute
378 4155 493 4194 enorum
504 4146 581 4210 etque
592 4138 746 4204 heumann,
762 4139 856 4209 quibus
868 4153 899 4192 ea
910 4137 1063 4208 singillatim
1074 4138 1262 4206 oppugnaban-

102 4229 154 4289 tur,
178 4223 307 4294 orlginsm
327 4223 444 4278 nondum
465 4223 529 4278 eatis
545 4225 674 4278 illustrata
690 4241 720 4278 ιο
738 4225 867 4295 peteiaota
884 4224 920 4278 rei
937 4223 1044 4276 raritate
1061 4220 1190 4292 maedam
1207 4225 1262 4279 ruis

102 4308 207 4380 seriptis
217 4311 376 4380 uperaerlnt
386 4325 453 4379 qnae
464 4325 523 4362 oum
532 4308 692 4364 nrlbodoxse
700 4310 761 4364 lidei
770 4312 863 4380 regula
873 4309 978 4364 minima
991 4307 1162 4364 conseruent.
1179 4307 1218 4362 lde
1226 4309 1262 4362 ab

103 4393 153 4450 buo
162 4395 288 4448 vinitatis
299 4395 423 4463 mysterio
435 4411 466 4448 ιο
479 4395 631 4464 quaestione
647 4395 792 4458 diseedam,
808 4393 1007 4451 observavimus,
1019 4391 1171 4451 iamdudum
1187 4395 1263 4450 lusd-

102 4495 168 4535 nuru
179 4479 321 4548 Martyrum
332 4479 443 4549 Dialaga
454 4495 514 4533 ourn
525 4479 662 4550 Tryphone
672 4481 706 4534 de
717 4481 771 4534 lilio
782 4481 823 4534 del
835 4479 903 4534 idem
913 4479 1101 4550 propemodum
1118 4495 1179 4534 oum
1190 4480 1262 4532 Aria·

104 4566 144 4618 nie
155 4565 262 4620 sentire.
291 4563 358 4620 Nam
373 4581 434 4636 pag.
453 4563 514 4621 adit.
525 4565 605 4620 Paris.
621 4565 675 4622 119.
694 4565 801 4620 verbum
818 4565 858 4620 dei
870 4581 899 4620 ao
910 4565 1006 4632 filiurn,
1026 4567 1104 4620 eliam
1122 4569 1262 4636 antequam
