3138 5044
280 305 390 364 cml

278 463 394 535 ptionem
406 459 570 534 quedrsrent
605 457 723 530 Scaliger
739 459 844 531 quidem
854 477 891 516 ιτ.
904 459 936 514 de
947 459 1083 515 umectat.
1094 475 1157 532 psg.
1167 459 1239 526 iil,
1256 457 1304 515 ubl
1320 459 1354 514 de
1372 473 1444 513 enno

278 547 379 602 lulisno
388 546 480 604 Athen.
490 547 559 616 egit,
570 545 619 598 boe
630 547 702 616 ipsos
710 551 787 616 putet
796 562 851 600 non
861 545 940 599 modo
948 546 1078 600 lulishunr
1089 561 1200 610 mum,
1212 545 1263 599 hoo
1274 549 1316 598 eet
1326 547 1445 598 soluens
1562 585 1563 588 ι

278 638 305 686 et
315 633 411 697 lixum,
428 647 519 686 verum
536 631 616 684 etism
632 631 747 686 Iulianos
764 647 867 684 meuses
884 631 1035 695 admisisse,
1053 631 1344 684 etllccutmbseonem
1355 647 1445 684 neom.

277 717 335 772 ΚΑΙ.
346 719 411 788 ipsis
423 715 482 770 lulli
494 716 638 770 convenire.
661 715 713 770 Sed
728 718 757 770 in
773 733 806 769 eo
820 715 954 786 probundo
966 717 1061 770 mirum
1073 731 1152 786 quem
1164 717 1256 770 inscite
1268 717 1446 787 imperiteque
1562 741 1563 752 ι

277 807 402 856 versetur.
426 799 470 855 Sic
482 801 552 854 enim
564 801 689 872 disputet:
701 801 832 856 Lucienus
843 802 871 855 in
882 803 936 854 rite
944 800 1078 871 Peregrini
1088 800 1176 854 stetim
1188 806 1248 871 poet
1256 800 1445 871 olympiacum

276 888 380 954 ludum,
395 899 456 940 cunr
473 885 557 942 sdhuc
571 885 693 956 frequens
710 893 840 942 mercetur
855 891 936 951 esset,
953 887 1022 940 circe
1032 886 1143 940 medlern
1154 893 1258 940 noctem
1268 885 1445 956 Peregrinum

278 989 306 1026 se
322 974 350 1026 in
367 987 461 1042 rogum
477 971 598 1036 iniecisse
615 977 715 1037 narret,
733 971 899 1026 commodum
912 971 1050 1030 ,exoriente
1066 972 1136 1025 lune
1170 971 1287 1041 Contigit
1305 971 1447 1042 Peregrini

277 1075 348 1112 more
360 1057 473 1112 Eusebio
484 1061 551 1110 teste
563 1057 666 1128 Olymp.
678 1071 817 1122 cumve,
831 1057 904 1126 cyclo
916 1075 969 1110 ιιι.
1003 1056 1087 1125 Igitur
1097 1056 1156 1110 lulii
1168 1075 1232 1111 xvn.
1245 1057 1308 1110 lune
1319 1063 1378 1109 eret
1386 1073 1446 1120 ·xx.,

277 1149 324 1197 sut
334 1161 400 1208 ιιι,
416 1147 443 1196 et
457 1142 515 1196 ideo
532 1141 601 1196 circe
611 1142 723 1196 medum
734 1147 838 1196 noctem
850 1143 988 1196 oriebatur.
1023 1142 1102 1212 Atqui
1113 1141 1280 1212 Olympicous
1291 1155 1363 1211 egon
1374 1141 1446 1194 cele-

277 1229 347 1282 breri
358 1229 461 1282 solebat
471 1245 514 1283 xv.
528 1227 569 1281 die
580 1227 678 1282 mensis
690 1228 783 1297 primo.
816 1227 906 1298 Itaque
918 1244 977 1281 eum
988 1243 1020 1280 ec
1032 1228 1136 1280 eeeculo
1148 1226 1360 1280 Hecetombeeon
1370 1225 1446 1278 idern

277 1319 347 1367 esset
363 1315 408 1384 qui
424 1311 517 1378 Iulius,
534 1331 577 1366 xv.
589 1311 649 1366 Iulii
665 1312 812 1366 celebratus
829 1319 870 1366 est
886 1329 969 1383 egon,
987 1318 1014 1365 et
1029 1313 1106 1366 tertio
1122 1312 1191 1365 dies
1207 1311 1349 1365 oemmine
1363 1311 1445 1364 finito

276 1399 340 1452 lune
351 1403 408 1452 eret
417 1415 462 1453 xx.
497 1397 537 1452 En
554 1398 671 1451 criticum
682 1395 796 1451 hominis
812 1413 930 1452 eoumen.
964 1397 1202 1452 Demonstrcndum
1217 1401 1285 1461 eret,
1300 1397 1446 1450 llecstom·
1562 1447 1563 1456 ,

277 1483 403 1537 breonem
414 1483 530 1536 Atticum
541 1481 625 1536 fixum
635 1482 717 1536 inisse
729 1484 756 1536 in
767 1481 824 1536 Ksl.
835 1482 915 1536 Iuliis.
949 1483 989 1536 Ad
1003 1483 1030 1536 ld
1041 1483 1150 1537 Lucieni
1166 1482 1346 1536 testimonium
1357 1482 1444 1535 Hecu·
1562 1473 1563 1486 ¹

276 1569 459 1622 tombeconem
470 1569 593 1640 pertinet,
605 1568 715 1638 profert,
728 1567 798 1638 quod
809 1567 908 1621 adrem
919 1567 984 1621 nihil
996 1569 1102 1622 omnino
1113 1569 1231 1639 pertinet.
1253 1567 1283 1621 Si
1294 1567 1358 1637 quid
1368 1567 1445 1620 euim

277 1670 311 1707 ex
323 1670 355 1708 eo
365 1654 398 1707 de
409 1655 547 1708 neomenia
557 1654 654 1707 mensis
666 1653 784 1718 efficitur,
796 1653 830 1706 ud
840 1653 1012 1719 Elidensium,
1024 1671 1078 1707 nou
1089 1654 1123 1707 sd
1132 1653 1327 1706 Atheniensium
1339 1667 1445 1705 anum

277 1755 308 1792 sc
319 1755 437 1794 mensem
448 1740 565 1794 refertur.
582 1737 649 1792 Nem
660 1737 688 1791 in
698 1739 783 1804 Elide,
795 1755 849 1792 uon
858 1738 966 1793 Athenis
978 1743 1054 1809 geste
1064 1744 1138 1803 sunt,
1150 1753 1216 1808 quae
1229 1736 1369 1791 eLircieno
1381 1751 1445 1790 ner-
1562 1791 1563 1794 ,

276 1831 373 1879 rentur.
394 1824 495 1879 Deinde
505 1826 580 1880 illum
591 1825 677 1894 ipsum
687 1823 797 1877 Lucisni
806 1825 894 1878 loomn
905 1839 985 1895 quem
998 1825 1161 1894 negligenter
1176 1823 1275 1892 sttlgitl
1297 1821 1357 1876 Non
1369 1822 1445 1876 enlm

276 1911 369 1965 scribit
377 1912 447 1965 ciros
457 1909 570 1964 medinm
581 1914 685 1962 noctem
696 1913 815 1962 exortum
828 1925 884 1962 esse
895 1909 999 1974 lunens,
1016 1909 1063 1962 sed
1079 1910 1192 1962 enricum
1204 1907 1292 1972 illum,
1309 1906 1344 1959 sd
1360 1921 1445 1976 quem
1562 1959 1563 1968 ,

277 1995 428 2062 diverteret,
440 1994 633 2050 monmeliant
644 1999 748 2048 noctem
760 1993 793 2046 sd
804 1993 831 2046 id
842 1995 1019 2065 spectsoulum
1027 1995 1186 2065 proiectum:
1198 1991 1253 2062 srpl
1265 1991 1341 2062 μίσος
1352 1992 1444 2052 νύκτας
1562 2031 1563 2034 ι

275 2077 407 2142 ἐξαναστὰς
419 2079 490 2149 ἇιτῄιι
501 2078 557 2132 etot
568 2083 611 2146 τῆς
620 2076 741 2148 Ἁρπίνης·
755 2076 812 2131 ἔνθα
823 2073 879 2145 ἦνῆ
894 2077 973 2150 πυρὰ,
990 2079 1086 2132 στάδιοι
1102 2076 1188 2140 πάντις
1205 2071 1273 2130 οὗτοι
1288 2075 1378 2129 εἴκοσιν
1390 2075 1443 2128 ἀπὸ

276 2167 319 2232 τῆς
331 2163 470 2235 Ὀλυμπίας
481 2163 544 2217 κατὰ
555 2162 598 2231 τὴν
609 2162 772 2234 ἱππόδρομον.
794 2165 859 2218 Mox
871 2179 933 2219 vero
945 2165 1062 2218 subiicit:
1074 2165 1115 2217 ecl
1126 2162 1208 2230 insedi
1219 2163 1235 2229 ἡ
1248 2161 1337 2229 eslim
1346 2159 1443 2214 siedre-
1562 2171 1563 2238 ᾗ

276 2249 333 2319 λιν,
350 2279 384 2292 -
401 2250 507 2320 πρόεισιν
525 2247 621 2310 isticce.
655 2249 780 2303 Accidere
796 2249 883 2320 ltsque
894 2251 980 2321 potuit
990 2256 1021 2304 ut
1031 2250 1146 2315 duobus,
1162 2250 1205 2304 vel
1220 2248 1317 2314 trihus,
1332 2245 1409 2301 horis
1427 2261 1445 2300 e
1562 2253 1563 2262 ¹

276 2334 363 2388 medie
374 2341 450 2388 nocte
461 2335 514 2388 ism
525 2335 621 2405 elspsis
632 2349 758 2405 sppsrere
768 2335 832 2389 lune
847 2336 968 2406 coeperit
1002 2335 1055 2416 Sed
1071 2351 1156 2406 neque
1172 2334 1247 2388 tertio
1264 2334 1307 2387 vel
1323 2333 1442 2386 seeundo

276 2419 378 2490 potios,
394 2433 474 2490 quem
486 2437 521 2475 rv.
530 2421 574 2473 vel
585 2437 611 2474 v.
621 2435 638 2472 e
648 2420 796 2474 celebritate
807 2420 848 2474 die
859 2419 928 2474 istud
940 2421 1058 2474 evenisse
1069 2420 1165 2474 debuit
1200 2419 1297 2473 Scribit
1306 2419 1377 2474 enlm
1387 2417 1442 2472 Lu·

276 2507 368 2559 cisnus
379 2504 461 2558 finitis
472 2505 526 2558 lem
538 2505 696 2575 Olympiacis
708 2505 776 2559 ludis
791 2505 961 2576 Peregrinum
979 2505 1047 2559 mem
1064 2505 1096 2558 de
1113 2505 1155 2558 die
1171 2503 1316 2560 uehentem
1332 2505 1442 2560 demum
1562 2533 1563 2546 ι

276 2596 373 2645 certem
381 2591 409 2644 in
418 2595 521 2644 noctem
530 2591 690 2644 condixisse:
704 2587 754 2643 tol
763 2588 808 2643 ciel
817 2589 1017 2661 ἀναβαλλόμενος
1029 2591 1105 2643 νύκτα
1115 2589 1144 2644 r'o
1154 2589 1293 2643 τελευταῖον
1301 2591 1443 2661 τιροοιρήιει
1562 2647 1563 2650 Ἰ

276 2674 437 2738 insidiosior
448 2674 491 2743 τὴν
503 2680 596 2728 καῦσιν.
620 2675 660 2729 Ad
671 2675 736 2730 hsec
747 2677 805 2746 quis
816 2675 981 2746 scaligerum
992 2675 1092 2740 decuit,
1106 2691 1149 2729 xv.
1161 2676 1255 2730 lulisni
1265 2677 1377 2740 mensis,
1389 2675 1443 2730 hoc

275 2767 316 2816 eet
328 2762 399 2827 lulil,
416 2778 470 2817 non
487 2769 576 2816 nutem
592 2761 704 2827 lunaris,
722 2761 887 2832 Olympieoos
901 2762 959 2815 illos
972 2776 1070 2831 sgones
1082 2761 1196 2816 demere
1208 2761 1442 2815 celebmtosesse?

275 2847 360 2912 Quem
371 2847 435 2902 hseo
446 2863 514 2900 vene
525 2852 551 2901 et
562 2844 704 2917 dvdppoorc
715 2847 769 2902 sint
779 2863 856 2901 uerno
868 2863 922 2900 son
933 2845 1010 2900 videt.
1028 2846 1103 2900 Certe
1115 2845 1244 2900 Cslvisius
1256 2845 1442 2916 Olympisdem
1562 2903 1563 2920 ,

274 2933 348 2986 illem
360 2947 485 2988 ooxxxvr.
498 2931 611 3003 Augusti
622 2949 684 2997 ιιι,
699 2949 754 2986 uon
768 2932 834 2986 lulio
847 2937 978 3004 pereotsm
988 2931 1132 2986 existimet
1165 2931 1216 2995 Qui
1232 2937 1259 2984 et
1274 2932 1332 3001 ipse
1347 2937 1440 2985 temen
1515 2967 1521 2980 .

274 3018 368 3088 puerili
378 3033 486 3088 prorsus
497 3031 583 3071 errore
594 3018 622 3070 iu
633 3018 679 3072 ills
689 3017 823 3088 Peregrini
833 3016 942 3070 historie
958 3033 1015 3072 sese
1029 3017 1159 3082 neclexit,
1176 3015 1239 3070 dum
1255 3017 1346 3070 scribit
1360 3016 1439 3072 Pere-

275 3103 380 3172 grinum
398 3101 572 3156 Christisuum
589 3117 646 3155 esse
662 3102 762 3156 fectum
779 3115 848 3156 cuno
866 3100 960 3156 Christi
972 3119 1077 3166 nnnc,
1094 3101 1197 3172 Olymp.
1210 3117 1303 3158 ocum.
1337 3101 1367 3155 ln
1384 3119 1439 3171 quo

276 3193 380 3241 centum
400 3186 588 3258 propemodum
607 3187 683 3240 suuis
704 3188 813 3242 sberrst.
852 3185 919 3240 Nem
936 3187 1071 3258 Peregrini
1089 3203 1160 3241 mors
1178 3187 1269 3241 incidit
1287 3188 1316 3240 iu
1333 3186 1438 3258 Olymp.

276 3287 414 3337 ccxxxvi,
431 3288 529 3326 sunum
541 3270 636 3326 Christi
648 3287 725 3327 onxv.
749 3273 823 3326 Vixit
833 3278 920 3326 sutem
931 3272 1040 3326 Herodis
1050 3271 1129 3326 Attici
1139 3279 1256 3342 tempore
1270 3273 1320 3326 sub
1336 3273 1373 3326 hl.
1385 3273 1438 3326 Au·

275 3358 339 3411 relio
350 3357 495 3422 Antonino,
513 3364 543 3410 ut
559 3373 593 3410 ex
608 3355 762 3412 Philostrato
773 3358 857 3412 liber.
868 3357 900 3412 de
911 3357 962 3414 vit.
974 3357 1053 3429 Soph
1070 3358 1099 3411 in
1115 3357 1216 3412 Herode
1232 3356 1371 3428 colligitur,
1388 3373 1439 3411 nec

274 3459 329 3498 nou
340 3450 366 3496 et
376 3459 410 3496 ex
420 3441 535 3496 Lucieno
546 3443 574 3496 in
584 3442 655 3496 illius
666 3443 728 3496 vitu

343 3525 411 3580 Κατὰ
423 3523 551 3597 Ἐβραίους
560 3524 726 3598 Moeno]
748 3527 909 3599 Epiphanius
920 3527 1016 3582 Christi
1025 3528 1185 3599 bsptismum
1196 3529 1315 3598 essignst
1329 3529 1354 3582 ei
1366 3543 1436 3584 enno

274 3613 321 3684 qui
332 3629 400 3668 cose.
413 3611 504 3666 hebuit
516 3612 652 3667 Silvenum
664 3621 690 3668 et
700 3613 823 3679 uenam,
835 3615 881 3684 qui
892 3621 932 3668 est
942 3613 1059 3668 lulisuus
1068 3631 1173 3679 nxxrrr..
1185 3612 1326 3668 Novembri
1336 3629 1437 3680 meuse,

274 3713 335 3752 cum
346 3715 413 3752 xxrx
423 3713 520 3763 anuos,
535 3713 640 3752 menses
651 3716 671 3752 x
681 3699 822 3769 implesset
856 3697 1024 3754 Noviluuium
1039 3697 1154 3752 medium
1165 3697 1215 3752 hoc
1225 3715 1296 3752 euno
1305 3697 1399 3754 incidit
1408 3701 1436 3754 in

273 3783 395 3848 Nonvn,
406 3781 477 3838 horle
489 3784 588 3854 aliquot
597 3791 657 3854 post
664 3784 770 3838 initium
780 3785 878 3849 nocue,
890 3785 963 3854 cyclo
972 3801 1000 3839 x.
1017 3783 1103 3848 Qusre
1115 3783 1139 3836 si
1146 3781 1301 3838 Novembris
1313 3783 1368 3838 dies
1378 3801 1435 3840 vuc

273 3867 463 3924 ldsrchesuven
471 3868 569 3922 loduici
576 3867 632 3924 dies
643 3875 751 3934 estvm,
762 3869 900 3924 neomenls
907 3869 1012 3922 Iudeioe
1022 3869 1081 3922 iniit
1088 3867 1227 3924 Novembt.
1237 3887 1271 3934 n,
1282 3875 1309 3923 et
1318 3887 1335 3924 v
1344 3870 1435 3925 solidis

274 3953 364 4008 diebus
375 3953 538 4008 novilunium
551 3954 695 4010 entseessit.
719 3954 786 4008 Nem
797 3953 901 4008 ludeice
911 3954 1073 4008 novilunium
1086 3954 1231 4024 qusdrebst
1241 3954 1269 4008 iu
1279 3953 1435 4010 Novembris

274 4055 332 4103 vm,
343 4039 409 4094 ieris
417 4059 435 4096 1.
454 4038 506 4094 Sed
517 4055 570 4094 non
578 4046 640 4110 puto
651 4045 754 4092 tentum
764 4039 798 4092 eb
808 4039 861 4092 illis
870 4039 1060 4094 dissimulstsm
1067 4039 1150 4093 fuisse
1160 4040 1279 4094 lunerem
1288 4041 1433 4110 προήγησιν.

273 4121 306 4176 he
316 4131 428 4178 erretum
438 4124 557 4180 temesis
569 4131 619 4183 em.
636 4130 665 4177 ut
676 4139 722 4194 pro
735 4121 841 4193 ὗβδόμῃ,
858 4124 927 4195 τρίτῃ
938 4125 979 4178 vel
991 4124 1104 4196 δευτέρᾳ,
1120 4125 1170 4179 vel.
1179 4130 1247 4178 certe
1264 4123 1380 4198 τετάρτῃ,
1398 4127 1434 4182 le-

273 4207 388 4277 gendum
404 4211 450 4274 sit,
468 4225 521 4280 quo
532 4209 674 4264 tolerabilis
685 4208 838 4262 neomeniae
848 4209 922 4264 lebes
934 4210 1115 4266 intercesserit.
1151 4207 1219 4274 Quin
1236 4217 1262 4263 et
1278 4211 1346 4266 elice
1363 4227 1434 4266 error

273 4299 313 4348 eet
323 4293 351 4346 in
361 4295 460 4348 mensm
472 4294 652 4365 eppellehone.
674 4291 734 4347 Non
746 4293 816 4348 enim
826 4293 1031 4360 Merchesuvsu,
1048 4295 1095 4350 eod
1106 4293 1224 4348 Cheseeu
1235 4311 1293 4350 esse
1305 4296 1393 4362 debet,
1410 4299 1434 4350 si

273 4378 351 4432 modo
362 4378 461 4432 luntrie
470 4381 515 4434 ille
527 4379 625 4434 mensis
636 4378 693 4434 luit.
729 4377 804 4442 Quod
819 4379 925 4450 quidem
935 4379 992 4434 fieri
1002 4397 1056 4436 uon
1067 4387 1165 4451 potest,
1182 4381 1206 4434 si
1223 4381 1323 4450 integer
1339 4383 1374 4436 sit
1390 4381 1433 4436 hic

271 4461 412 4534 llpiphsnii
422 4463 495 4516 loeus
506 4471 532 4518 et
542 4463 639 4518 lornei
650 4465 833 4520 meurissexte
843 4465 1007 4520 novilunium
1021 4466 1192 4522 commieemu
1206 4465 1293 4522 luerit.
1327 4467 1394 4531 Quid
1409 4467 1432 4520 ei

273 4555 319 4604 eut
330 4547 419 4604 ludeei
430 4553 491 4602 tuuc
501 4549 639 4618 temporis,
651 4556 696 4604 sut
703 4545 862 4619 epiplemm
874 4551 930 4620 ipse
939 4549 1103 4609 Iudaicorum
1113 4552 1244 4606 meusium
1252 4551 1381 4606 voesbuls
1391 4549 1431 4606 Iu·
