3104 5038
91 475 179 545 iugem
196 474 339 539 nemum,
355 489 410 529 uon
426 473 478 528 alia
493 479 558 545 puto
575 473 722 528 conditione
733 472 893 528 Novatiauos
910 473 943 528 ad
958 471 1118 543 iungendam
1129 487 1189 528 cum
1200 473 1252 528 iliis

92 561 299 614 communionem
311 559 398 630 coegit
414 575 492 630 quam
507 565 537 612 ut
548 557 674 614 dissoluto
686 561 830 630 posteriore
840 560 885 613 illo
897 559 1020 629 coniugio
1032 558 1211 614 foedissimam
1223 559 1253 613 il·

90 647 141 700 lam
157 647 291 700 maculam
305 645 466 716 poenitentia
483 645 618 701 diluerent.
647 645 727 715 Atqui
743 661 797 700 nou
813 645 900 716 mtgis
915 651 944 698 ut
956 659 1015 699 oum
1026 643 1076 699 hoo
1086 651 1253 716 peccatorum

90 745 185 802 genera
195 737 257 802 post
266 731 452 802 poeniteutiam
461 745 540 800 quam
551 735 580 784 ut
591 745 650 783 cum
662 733 770 784 caeteris
782 731 1004 784 communicarent
1014 732 1136 784 omnibus
1148 732 1192 784 lex
1203 731 1254 784 ista

89 818 227 887 condoque
237 817 299 870 terri
308 815 459 869 Novatianis
471 815 569 870 debuit.
587 815 646 869 Non
658 815 728 869 enim
740 815 866 870 eiusmodi
878 818 963 870 solum
974 816 1107 886 digamos,
1119 815 1164 870 sed
1176 833 1253 886 quoa-

89 917 201 972 cumque
213 901 298 956 delicti
310 901 436 971 gravioris
447 915 506 954 reos
518 901 552 953 ab
565 902 636 956 omni
648 917 694 972 spe
706 902 895 956 communionis
912 902 1083 956 excluserant
1111 901 1163 956 Our
1173 903 1254 972 igitur

88 989 119 1040 de
131 987 246 1057 digamis
256 987 309 1040 illis
320 988 410 1056 utique
420 987 526 1040 nonnisi
537 987 725 1057 poeniteutiam
737 994 763 1040 et
776 988 860 1042 illiciti
871 987 987 1057 coniugii
999 987 1197 1058 diremptionem
1209 987 1254 1040 ud·

88 1073 222 1126 mittendis
240 1072 332 1126 diserte
349 1072 555 1140 nominatimque
569 1071 685 1125 Nicaeae
702 1071 817 1142 synodus
836 1078 974 1142 exceptum
990 1072 1089 1125 uoluit?
1118 1072 1197 1137 Quid,
1215 1073 1254 1126 in·

88 1173 182 1228 quam,
192 1159 222 1212 in
232 1159 278 1212 illo
290 1157 404 1212 crimiuis
416 1155 586 1227 adulteriique
598 1171 694 1228 genere
704 1158 791 1212 inesse
799 1163 886 1228 potest
896 1157 1027 1228 mysterii,
1039 1162 1070 1210 ut
1080 1173 1140 1211 oum
1151 1155 1196 1223 iis,
1209 1158 1255 1228 qui

87 1243 238 1314 negandam
255 1245 367 1314 peccatis
385 1243 506 1296 omuibus
523 1243 695 1296 atrocioribus
712 1243 898 1313 poeniteutiam
915 1243 1177 1313 communionemque
1195 1259 1254 1297 oen-

88 1335 203 1394 sueraut,
216 1325 323 1382 Nicaeni
334 1333 420 1399 patres
432 1327 463 1380 de
478 1343 530 1382 uuo
542 1327 587 1380 illo
599 1327 771 1398 stipulentur?
800 1325 868 1382 Nam
880 1329 949 1399 quod
960 1345 1043 1383 uuum
1055 1327 1147 1383 afferre
1158 1333 1254 1399 potest,

88 1414 188 1468 saeculi
199 1415 303 1484 legibus
319 1413 439 1468 adulterii
455 1429 540 1483 genus
557 1409 621 1466 illud
638 1413 719 1467 luisse
737 1427 902 1480 conoessum,
919 1413 978 1468 ideo
995 1421 1159 1468 momentum
1176 1413 1255 1468 habet

87 1500 201 1564 nullum,
219 1499 355 1569 quoniam,
372 1503 402 1550 ut
412 1499 522 1568 ipsemet
531 1498 635 1564 ussus,
646 1514 781 1569 nunquam
793 1498 819 1551 id
831 1499 955 1552 ecclesiae
966 1499 1117 1569 persuaderi
1128 1500 1214 1570 potuit
1224 1505 1255 1552 ut

88 1584 191 1638 divortii
203 1599 309 1638 cousus
320 1583 379 1636 illas
393 1584 559 1654 approbaret,
577 1589 623 1636 aut
640 1583 714 1637 aliter
731 1583 763 1636 de
780 1581 892 1654 digamis
909 1583 966 1637 istis
984 1599 1064 1654 quam
1081 1585 1114 1638 de
1131 1584 1254 1638 adulteris

88 1677 222 1724 statuerat.
251 1669 336 1734 Quare
351 1669 441 1722 eadem
456 1667 562 1734 horum,
580 1681 647 1739 quae
661 1675 688 1722 et
699 1668 875 1723 adulterorum
886 1675 1060 1734 caeterorum,
1078 1674 1116 1734 et,
1134 1671 1203 1739 quod
1220 1669 1255 1724 ad

88 1755 296 1809 Noratianorum
306 1754 441 1824 negotium
453 1759 565 1825 spectat,
581 1769 660 1824 quam
675 1760 841 1826 peocstorum
853 1755 982 1819 omnium,
1000 1754 1066 1808 ratio
1079 1753 1169 1808 haberi
1180 1770 1197 1807 a
1208 1769 1253 1825 pa·

87 1841 171 1894 tribus
181 1839 279 1894 debuit
296 1839 386 1910 Itaque
396 1836 502 1893 dubium
511 1839 611 1892 nullum
622 1844 663 1892 est
671 1840 734 1910 quia
743 1839 867 1893 advorsus
876 1839 1040 1909 digamorum
1052 1855 1135 1910 genus
1147 1841 1254 1894 tertium

88 1927 247 1980 arsionibus
258 1925 374 1978 conubiis
386 1924 530 1978 severitatis
541 1923 625 1977 aculei
636 1923 673 1977 ilii
685 1924 793 1979 dstdcti
804 1925 907 1980 luerint.
937 1924 991 1978 Nec
1002 1925 1077 1980 aliter
1088 1925 1210 1980 balsamo
1223 1938 1254 1980 ac

87 2011 204 2066 Zonaras
217 2011 313 2082 aliique
323 2011 476 2082 interpretes
489 2023 601 2064 canones
612 2009 672 2063 illos
684 2009 823 2080 explicant.
911 2015 917 2026 '

155 2093 268 2166 Στιφὰνη
279 2095 306 2148 dl
317 2097 411 2147 τούτων
423 2093 529 2163 πάντων,
541 2091 575 2155 ὡς
587 2092 679 2162 εἰπεῖν]
705 2095 743 2148 De
761 2095 914 2150 elericorum
931 2097 1091 2150 continentie
1108 2111 1138 2151 ac
1154 2097 1254 2152 coelibe

86 2183 141 2235 rita
152 2181 261 2235 illustris
276 2179 318 2234 bie
329 2177 468 2252 Epiphanii
483 2180 555 2233 loeus
572 2185 618 2236 eet.
649 2179 701 2234 Sed
717 2181 745 2236 iu
763 2179 934 2236 catharorum
950 2180 1051 2236 haeresi
1062 2197 1116 2236 orn.
1133 2199 1206 2239 num.
1218 2201 1254 2238 ιν.

87 2267 167 2338 longe
179 2267 294 2337 apertius
306 2273 384 2336 atque
394 2267 524 2336 insignius
536 2267 738 2321 ecclesiasticam
754 2265 803 2321 bao
818 2267 846 2320 in
857 2285 884 2320 ro
897 2267 1112 2321 cousuetudinem
1123 2269 1254 2339 exposuit

87 2351 172 2406 Docet
183 2351 253 2406 euim
263 2351 391 2423 imprimis
403 2353 555 2424 episcopum
570 2359 616 2406 aut
626 2351 807 2424 presbyterum
822 2359 868 2406 aut
879 2352 1017 2406 diaconum
1033 2368 1068 2406 ex
1084 2353 1196 2424 digamis
1215 2371 1255 2408 or·

88 2435 173 2491 dinar'i
183 2437 322 2492 nemiuem.
347 2437 414 2490 Tum
425 2453 509 2510 neque
521 2437 569 2492 hos
580 2453 665 2509 neque
677 2437 867 2491 subdiaconum
879 2439 954 2492 aliter
965 2439 1111 2492 consecrari
1123 2455 1202 2510 quam
1214 2440 1256 2493 rel

87 2523 187 2592 priore,
204 2537 287 2592 eaque
298 2523 389 2587 unica,
405 2523 516 2593 coniuge
528 2529 645 2588 mortua,
660 2523 701 2575 rel
712 2523 745 2574 ab
757 2523 874 2576 eiusdem
884 2523 996 2576 viventis
1008 2523 1138 2577 consortio
1152 2535 1182 2576 ac
1193 2539 1254 2577 con·

89 2607 228 2661 suetudine
239 2607 389 2671 distractos,
400 2607 452 2660 nisi
461 2609 575 2678 virginee
588 2609 694 2662 omnino
706 2608 766 2671 sint,
777 2608 929 2678 praesertim
940 2608 985 2660 ubi
997 2605 1165 2661 ecclesiastici
1176 2624 1254 2662 cano-

87 2709 134 2746 nes
146 2697 268 2746 accurate
279 2699 422 2748 serrantur.
440 2691 505 2746 Nam
516 2693 585 2764 quod
595 2693 623 2746 in
632 2691 787 2763 quibusdam
799 2691 863 2746 locis
872 2691 1028 2763 presbyteri,
1041 2692 1144 2746 dlaemi
1155 2697 1182 2745 et
1193 2695 1253 2746 sub·

86 2777 191 2832 &acoui
201 2777 298 2831 liberm
310 2777 394 2831 adium
406 2779 561 2849 suscipiant,
578 2777 605 2830 id
621 2777 746 2830 abusione
764 2776 878 2846 quadam
895 2793 926 2831 ac
944 2775 1097 2846 discipliuae
1109 2779 1255 2848 corruptele

84 2861 155 2928 fieri,
174 2868 221 2916 aut
231 2877 291 2917 vero
307 2865 475 2930 necessitate,
491 2865 537 2918 ubi
553 2879 599 2934 pro
616 2863 717 2932 ingenti
733 2863 888 2932 populorum
900 2859 1065 2916 multitudine
1076 2863 1254 2917 ministrorum
1335 2932 1338 2941 ι

85 2949 163 3018 eopia
174 2963 230 3001 non
241 2949 362 3020 suppetit.
381 2949 446 3002 Nem
459 2949 557 3018 alioqui
568 2948 692 3001 eeclesiae
701 2947 802 3002 decreto
815 2947 966 3002 clericorum
978 2947 1112 3001 ordinibus
1123 2948 1181 3002 istie
1193 2965 1254 3002 cou-

83 3033 198 3086 tinentia
214 3033 404 3103 praescribitur.
434 3033 492 3098 Qua
506 3031 645 3104 Epiphanii
664 3033 802 3087 autoritate
821 3033 893 3086 nulla
908 3039 955 3086 aut
970 3033 1116 3102 expressior
1132 3039 1178 3086 aut
1194 3049 1254 3087 san·

85 3119 154 3171 otior
165 3115 258 3172 baberi
268 3124 360 3189 potest.
386 3119 451 3172 Huic
467 3133 514 3190 par
532 3123 572 3170 eet
588 3133 618 3172 ae
635 3119 769 3188 geminum
780 3119 932 3189 Hieronymi
943 3119 1122 3172 testimonium
1134 3119 1197 3172 illud
1210 3119 1254 3173 ad-

84 3217 181 3256 versus
193 3201 377 3272 vigilantum,
394 3205 452 3273 qui,
470 3209 500 3256 ut
515 3201 565 3256 hoc
583 3208 698 3274 tempore
715 3210 843 3258 nostrates
859 3203 993 3269 haeretici,
1012 3204 1165 3258 clericorum
1177 3207 1253 3259 casti-

82 3288 206 3342 moniam
218 3288 394 3359 oppugnabat.
426 3289 496 3350 Quid
499 3293 603 3358 sacient
608 3327 615 3352 ,
632 3289 728 3358 inquit,
746 3295 851 3342 orientis
862 3291 1002 3342 ecciesiae!
1027 3289 1097 3351 Quid
1106 3291 1221 3360 Aeyypti
1231 3301 1256 3344 st

81 3376 156 3426 aedis
167 3375 336 3444 motione,
354 3391 418 3442 quae
430 3383 477 3426 out
486 3378 598 3442 oirqiuos
609 3375 717 3429 ciericos
728 3377 870 3444 accepisset,
887 3383 933 3427 aot
943 3379 1097 3428 corrbneotss
1108 3385 1144 3440 et,
1160 3381 1185 3428 ai
1195 3395 1254 3429 ouo-

81 3475 128 3510 m
140 3458 287 3524 tutamur,
299 3463 389 3512 mariti
400 3477 451 3512 ease
464 3462 606 3512 ἀοιίονιιινὲ
630 3459 716 3528 Atque
731 3457 781 3511 boo
795 3459 900 3529 quidem
911 3460 953 3513 rel
964 3461 1121 3514 recentiores
1134 3461 1255 3516 Graeculi

79 3543 211 3609 intentur,
221 3547 282 3614 post
292 3549 427 3614 susceptos
439 3561 526 3598 sauros
537 3545 596 3598 illos
605 3543 708 3598 ordines
718 3559 828 3597 uxorem
836 3545 935 3598 nemini
944 3545 1036 3600 ducere
1044 3547 1159 3602 bonnae.
1179 3545 1254 3610 Quod
1280 3562 1355 3614 paee.

79 3629 118 3682 ad
133 3629 199 3684 Gau.
211 3629 516 3699 Apoatxxr1.Balsamo
533 3635 559 3682 et
570 3629 684 3684 Zonaras
701 3635 856 3699 agnoscunt
887 3629 999 3685 Cononis
1016 3633 1097 3685 rerba
1113 3637 1186 3684 sunt:
1204 3633 1254 3684 τῶν

79 3713 116 3774 εἰς
130 3713 225 3784 ιλῆρον
236 3714 407 3785 προελθόντων
419 3711 521 3785 ἀγάμων
531 3714 659 3786 κελεύομεν
669 3713 832 3785 βουλομένους
842 3719 928 3786 γαμέἰν
941 3713 1098 3786 ἀναγνώστας
1108 3715 1149 3768 aul
1159 3715 1253 3787 ψὰλτιις

78 3800 187 3868 μόνους.
213 3799 253 3852 dd
265 3815 332 3870 quae
344 3799 466 3854 Balsama
477 3799 547 3853 istud
560 3801 693 3866 observat,
705 3805 765 3854 ante
777 3797 966 3854 ordinationem
977 3802 1156 3872 presbyteros,
1168 3801 1253 3855 diaco-

77 3901 135 3938 nos
148 3890 176 3937 st
186 3883 380 3954 hypodiaconos
396 3885 517 3956 copulare
533 3885 637 3955 nuptias
654 3890 732 3955 atque
747 3885 785 3938 ita
801 3885 913 3939 ordinari
928 3888 1058 3957 potuisse,
1073 3893 1135 3958 post
1151 3887 1252 3941 ordina·

75 3972 186 4024 tionem
198 3969 262 4023 solis
273 3967 322 4023 lroc
333 3970 471 4024 lectoribus
484 3975 511 4022 et
521 3970 670 4023 cantoribus
686 3970 823 4026 indultum.
848 3971 928 4024 Addit
943 3971 1059 4026 Zonaras
1075 3977 1136 4026 ante
1152 3973 1253 4026 ordina-

74 4057 186 4110 tionem
194 4054 349 4124 iuterrogari
357 4055 530 4125 presbyteros,
542 4054 665 4109 diaconos
678 4061 704 4108 et
712 4055 913 4127 hypodiaconos,
926 4071 960 4111 an
971 4059 1133 4110 continenter
1145 4063 1171 4110 st
1182 4063 1253 4111 caste

74 4139 287 4194 vellentvirsrs.
304 4137 378 4203 Quod
387 4140 409 4193 si
419 4141 579 4210 negaverint,
589 4141 704 4210 permitti
712 4145 742 4194 ut
750 4146 809 4194 aute
819 4141 1251 4199 consecrationemuxoresducaut.

73 4227 157 4282 Sans
167 4225 198 4278 in
209 4225 347 4295 Aneyrano
359 4225 422 4280 Gau.
432 4243 458 4278 r.
471 4225 503 4278 de
514 4225 630 4278 diaconia
642 4225 679 4278 ita
690 4226 820 4280 sancitum
830 4227 933 4297 legitur,
945 4233 975 4280 ut
986 4228 1031 4298 qui
1042 4228 1100 4298 ipso
1113 4227 1252 4282 ordinatio-

72 4314 120 4368 nis
136 4326 206 4364 suas
216 4315 332 4380 tempore
344 4312 481 4364 contestati
492 4311 558 4376 siut,
576 4325 606 4364 se
617 4311 715 4382 nuptiis
727 4327 813 4365 carere
825 4329 879 4366 non
890 4329 980 4383 posse,
991 4313 1101 4383 ideoque
1112 4319 1173 4384 post
1185 4313 1252 4367 ordi-

72 4399 221 4454 nationem
232 4411 328 4450 uxores
339 4395 473 4462 duxerint,
491 4395 522 4448 de
540 4401 610 4448 statu
625 4412 674 4448 suo
689 4413 742 4450 non
760 4397 945 4464 dimoveantur,
963 4398 1031 4468 quod
1045 4399 1079 4452 ab
1091 4399 1213 4472 episcopo
1224 4400 1252 4454 id

69 4485 132 4540 illis
148 4495 306 4536 eoncessum
314 4481 401 4534 ¹luerit.
430 4479 511 4532 Τοῦτο
526 4479 552 4534 dl
564 4480 584 4532 al
594 4497 653 4541 τινος
666 4481 830 4549 σιωπήσαντος
842 4483 883 4535 καὶ
894 4481 1081 4552 ιιιιταδεξᾶμενοι
1091 4483 1117 4538 ἐν
1128 4489 1158 4558 τῇ
1170 4501 1252 4559 χειρο-

69 4569 154 4640 τονίᾳ
167 4567 246 4638 μένειν
258 4565 337 4628 οὕτως
350 4567 410 4637 μετὰ
421 4569 498 4619 ταῦτα
509 4561 585 4634 ἦλθον
598 4565 636 4619 tat
649 4564 737 4638 γάμον,
749 4569 886 4621 πεπαῦσθαι
898 4567 986 4631 αὐτοὺς
996 4574 1038 4638 τῆς
1048 4571 1181 4633 διακονίαςι
1193 4573 1251 4626 Hoc

129 4671 391 4722 carpentanorum
1024 4655 1048 4712 U
