3126 5046
293 323 443 380 cccxvul

290 477 398 550 proinde
409 479 487 550 primi
497 479 595 534 mensis
607 483 634 534 et
644 481 707 534 anui
718 480 856 534 neomenia
866 481 894 536 lu
903 479 998 551 Aprilis
1007 497 1042 534 ιν.
1051 477 1218 536 diffundetur.
1235 479 1276 534 lta
1284 479 1357 536 euim
1367 479 1457 534 existi·

290 565 415 620 maurium
427 571 479 631 est,
496 565 682 620 embolimaeos
693 581 798 620 menses
809 566 836 619 in
848 564 965 636 paschali
976 567 1049 636 cydo
1061 581 1106 620 eos
1119 582 1190 630 esse,
1206 565 1251 636 qni
1262 565 1290 618 in
1301 563 1384 620 tinem
1397 564 1458 620 anui

290 651 402 704 coniecti
413 651 577 704 neomeniam
588 651 720 721 sequentia
733 652 795 704 anui
807 652 926 722 proxime
942 651 1111 721 praecedunt;
1129 655 1159 704 ot
1176 659 1202 704 et
1217 650 1319 704 Pitatus
1337 649 1372 704 ad
1389 650 1458 704 idem

290 737 426 806 negotium
437 735 558 790 observat
569 751 625 806 cap.
635 754 670 790 rr.
702 735 858 806 Quanquam
869 737 944 790 aliter
955 736 1025 807 apud
1036 742 1217 808 computorum
1229 736 1342 790 artifices
1354 735 1457 806 dispen-

290 821 342 874 sari
352 837 457 874 menses
469 821 655 876 embolimaeos
666 821 804 876 didicimus
815 839 849 876 ex
862 820 934 876 Beda
945 838 1001 892 cap.
1013 821 1058 876 illo
1070 839 1146 876 auru.
1157 821 1203 876 lib.
1216 821 1248 874 de
1260 821 1372 876 Ratiorm
1381 821 1458 874 Tem·

290 923 395 978 porum,
413 922 444 960 ac
455 923 501 976 per
512 907 598 960 varios
609 907 672 960 anni
683 906 777 961 Iuliani
787 923 891 962 menses
903 907 1036 978 dissipari,
1051 923 1141 960 uerum
1154 907 1183 960 iu
1195 904 1312 978 paschali
1321 904 1373 960 hoc
1385 906 1458 960 insti·

290 997 347 1046 tuto
365 992 519 1046 embolimus
534 992 578 1046 ille
593 993 692 1046 mensis
709 993 800 1063 procul
817 993 896 1048 dnbio
914 991 1058 1048 censendus
1076 999 1128 1056 est,
1146 993 1191 1062 qui
1207 992 1321 1062 primum
1338 1008 1458 1046 mensem

289 1078 357 1147 cycli
367 1073 464 1147 ipisus
476 1077 612 1133 antecedit
634 1077 691 1141 Quo
703 1079 808 1148 quidem
820 1083 931 1144 statuto,
943 1079 1044 1132 nullum
1056 1079 1109 1132 iam
1122 1077 1229 1132 dubium
1240 1082 1281 1132 cst
1292 1078 1358 1147 quin
1370 1077 1457 1132 smbo

290 1163 444 1218 nnmerum
459 1163 539 1216 series
557 1163 685 1218 eiusmodi
701 1164 749 1228 sit,
767 1165 871 1233 qualem
888 1163 1050 1218 aratoribus
1068 1164 1232 1234 computistis
1249 1164 1416 1234 accepimus,
1432 1163 1458 1216 iu
1487 1179 1490 1186 ·

290 1263 343 1318 qua
354 1253 461 1302 octavus
473 1264 570 1313 mnus,
582 1265 635 1302 non
647 1265 731 1303 nonus
743 1250 902 1304 intercalaris
914 1250 1012 1304 mensis
1025 1249 1194 1320 appendicem
1206 1249 1326 1320 excipiat
1351 1247 1422 1304 Nam
1433 1253 1458 1301 ct

289 1337 425 1406 propterea
435 1334 706 1388 enneadecaeteridem
717 1335 744 1388 in
754 1333 899 1405 ogdoadem
908 1340 935 1390 et
942 1333 1117 1390 hendecadem
1126 1334 1217 1405 partiri
1228 1335 1326 1398 solem,
1338 1333 1379 1388 uti
1387 1333 1459 1386 Bnda

289 1417 408 1476 iscitiib.
420 1419 452 1473 de
463 1419 574 1474 Ratione
585 1420 676 1490 Temp.
687 1435 744 1489 cap.
754 1437 833 1484 ausu,
849 1425 876 1474 et
891 1419 1004 1492 ogdoadi
1018 1426 1071 1474 tres
1088 1420 1243 1474 embolimus
1258 1435 1378 1483 menses,
1396 1417 1458 1474 heu·

189 1525 210 1564 s.
219 1512 263 1556 soa
290 1503 380 1558 decadi
392 1511 532 1575 quaternos
543 1505 696 1560 attribuunt.
715 1505 781 1560 llius
789 1505 927 1560 Africanus
936 1505 1006 1576 apud
1015 1505 1118 1560 liieron.
1128 1507 1154 1560 iu
1164 1521 1264 1576 capra.
1273 1505 1340 1560 Dan.
1351 1505 1458 1566 Grnccs',

290 1589 388 1659 inquit,
406 1590 500 1644 Iudues'
512 1609 563 1662 per
581 1600 636 1644 octo
653 1608 733 1644 uersos
749 1593 823 1642 trium
842 1595 961 1644 memissa
977 1588 1262 1662 ipssolrcpobcsucs'ust.
1296 1591 1333 1644 Ac
1352 1590 1458 1644 nummi

290 1675 389 1730 mensis
400 1675 502 1746 integer
513 1693 566 1730 non
578 1683 671 1729 octaco
683 1692 764 1742 anuo,
782 1676 827 1730 sed
839 1693 908 1732 nono
920 1693 955 1730 ex
966 1676 1058 1730 diebus
1069 1676 1179 1732 residuis
1192 1681 1347 1746 consurgat,
1363 1673 1458 1730 nihilo·

290 1761 378 1816 minus
389 1761 460 1832 qnod
470 1766 497 1816 et
507 1763 626 1832 proxime
637 1761 747 1816 solidam
759 1761 792 1814 ad
806 1762 943 1832 syzygism
959 1761 1115 1834 appendices
1130 1761 1191 1816 illae
1206 1761 1261 1815 dies
1277 1760 1418 1823 accedant,
1433 1767 1459 1814 et

291 1846 360 1917 qnod
371 1863 405 1900 ex
417 1847 580 1918 superiorum
596 1863 725 1902 annorum
743 1847 878 1902 radociuio
896 1863 998 1918 semper
1015 1847 1113 1918 aliquid
1130 1847 1254 1918 supersit,
1271 1862 1323 1916 quo
1340 1845 1458 1900 deiectus

289 1932 333 1986 ille
345 1939 534 2002 compensetur,
549 1937 640 1986 ostam
653 1949 722 1986 anuo
734 1933 896 1987 intercalaris
907 1933 1066 2003 adiungitur.

357 2016 432 2082 Quod
442 2023 531 2072 sutem
543 2017 658 2072 noudum
670 2018 739 2072 iusto
750 2017 850 2072 dierum
862 2034 970 2074 numero
982 2035 1015 2072 ex
1028 2019 1127 2090 epactis
1139 2019 1247 2072 collecto
1265 2033 1458 2089 nonnunquam

288 2103 458 2158 embolismos
469 2103 596 2158 anteverti
607 2119 638 2158 ao
652 2104 816 2174 praecipitari
833 2103 960 2169 diximus,
977 2103 1101 2158 illustrari
1118 2109 1204 2175 potest
1221 2119 1254 2156 ex
1272 2101 1373 2158 loduici
1390 2104 1457 2174 cycli

289 2187 470 2258 dispositione,
481 2189 586 2258 qualem
597 2189 687 2258 glossa
696 2189 796 2259 primae
807 2189 888 2260 partis
899 2188 944 2244 lad
957 2189 987 2242 ll.
995 2189 1070 2242 hdcss
1082 2189 1204 2244 Tractatu
1215 2187 1349 2243 Kidduscb
1360 2187 1457 2244 hacho·
1559 2173 1560 2196 ¹

290 2271 368 2326 desch
379 2272 502 2327 describit
513 2289 597 2344 capr.
614 2275 639 2339 §-
650 2273 674 2328 ἱ).
709 2273 838 2328 Nimirum
852 2281 958 2344 epactas
970 2276 1031 2328 mini
1042 2293 1061 2328 r.
1073 2281 1099 2328 et
1111 2293 1139 2328 n.
1152 2275 1181 2328 iu
1192 2273 1266 2343 cyclo
1275 2273 1383 2330 Iudaico
1396 2289 1457 2329 cum

288 2358 386 2429 epactis
398 2376 413 2411 v
425 2359 555 2412 mensium
567 2359 630 2412 anui
640 2359 709 2414 tertii
720 2359 754 2414 ad
764 2377 847 2414 narn.
856 2359 911 2414 dies
922 2361 1058 2426 secedere,
1070 2360 1180 2430 ideoque
1191 2359 1225 2412 ad
1235 2361 1457 2430 complementum

289 2443 437 2498 embolismi
447 2443 545 2498 mensis
556 2443 671 2498 triduum
683 2461 717 2498 ex
728 2446 804 2498 anuis
816 2445 985 2516 sequentibus
996 2451 1088 2498 mutuo
1098 2445 1189 2516 accipi.
1207 2444 1299 2498 Postea
1307 2459 1341 2498 ex
1351 2445 1457 2500 msiduo

289 2529 352 2586 suni
362 2547 403 2584 ru.
419 2535 446 2583 et
461 2545 496 2584 ex
513 2535 605 2599 quarto
623 2545 653 2582 ac
666 2530 755 2599 quinto
767 2546 821 2584 uus
832 2546 892 2584 cum
903 2531 1038 2584 mensibus
1051 2549 1065 2584 v
1078 2532 1141 2586 anni
1153 2530 1220 2584 sexti
1232 2529 1321 2600 colligi
1332 2529 1390 2584 dies
1402 2530 1458 2584 iere

289 2631 388 2680 auur,
405 2631 439 2670 ex
457 2615 552 2685 quibus
569 2621 737 2685 compensato
753 2614 838 2670 triduo
858 2616 918 2680 illo,
934 2617 1005 2686 quod
1022 2616 1190 2686 anticipatum
1207 2615 1306 2679 luerat,
1323 2615 1457 2670 secundus
1558 2605 1559 2616 ³

223 2691 226 2698 ’
288 2701 458 2756 embolismus
469 2701 599 2754 inseritur.
626 2699 723 2754 Deinde
735 2717 769 2754 ex
781 2701 880 2772 epactis
891 2703 1022 2756 meusium
1031 2719 1069 2756 crs
1078 2702 1141 2756 anni
1151 2701 1221 2754 sexti
1235 2705 1262 2754 et
1271 2701 1333 2754 anui
1342 2701 1458 2770 septimi,

288 2804 336 2842 nec
347 2804 401 2842 uon
412 2794 438 2840 et
449 2805 465 2840 v
477 2787 607 2842 mensium
620 2786 682 2840 anni
695 2787 794 2850 octavi,
808 2803 864 2840 uass
875 2785 929 2840 iere
942 2787 997 2840 dies
1009 2785 1133 2840 confiunt.
1167 2785 1257 2855 Neque
1268 2791 1357 2838 tamen
1369 2783 1457 2840 dider-

287 2877 330 2929 tur
347 2872 530 2937 embolismus,
547 2871 592 2926 ssd
604 2889 652 2928 vrrs
663 2872 718 2926 diss
735 2889 768 2926 ex
781 2873 856 2926 annis
873 2873 1045 2944 sequentibus
1056 2876 1291 2942 repraesentantur,
1309 2877 1339 2924 ut
1354 2869 1457 2926 solidus

287 2958 385 3012 mensis
396 2957 544 3012 intercalari
555 2957 646 3027 possit
663 2957 731 3012 'lum
739 2973 800 3010 vero
813 2974 846 3010 ex
858 2957 961 3014 residuo
971 2975 1008 3012 vrr
1016 2957 1147 3012 mensium
1159 2963 1185 3010 et
1196 2971 1323 3012 annorum
1334 2955 1457 3019 duorum,

289 3043 407 3098 uidelicet
417 3048 500 3110 imae
511 3041 689 3112 ndidemque
701 3043 832 3098 meusium
843 3061 860 3096 r
871 3045 987 3113 priorum
999 3043 1061 3096 suni
1073 3061 1109 3096 ar.
1121 3042 1176 3096 dies
1189 3041 1347 3112 colliguntur
1360 3059 1457 3105 auin.
1557 3079 1558 3082 =

289 3128 383 3199 quibus
395 3133 452 3182 octo
464 3127 598 3192 detractis,
615 3143 680 3197 quos
696 3129 813 3197 superior
825 3128 994 3182 embolismus
1006 3126 1175 3192 exhauserat,
1192 3127 1307 3197 quinque
1324 3131 1350 3178 et
1361 3127 1458 3196 viginti

288 3219 398 3277 metant,
410 3212 443 3266 ad
454 3229 521 3282 quos
532 3212 700 3283 complendae
711 3213 835 3284 syzygiae
848 3232 864 3268 v
876 3214 921 3268 alii
931 3213 986 3268 dies
997 3215 1179 3284 anticipantur,
1196 3219 1222 3266 et
1233 3211 1372 3266 undecimo
1383 3227 1456 3264 suno

288 3297 358 3354 Adar
368 3299 497 3352 inseritur.
520 3297 618 3352 Eadem
630 3304 671 3352 est
681 3299 744 3352 anni
755 3315 808 3354 arv.
819 3300 894 3352 ratio.
915 3297 1039 3354 Gontiont
1050 3299 1122 3352 enim
1133 3297 1188 3352 dies
1201 3313 1298 3362 aaran,
1311 3313 1344 3350 ex
1357 3297 1456 3366 quibus

288 3403 305 3438 v
316 3384 408 3438 dielms
423 3384 567 3453 exemptis,
584 3384 630 3455 qui
643 3384 671 3438 iu
682 3391 847 3438 antecessum
859 3385 977 3454 usurpati
988 3384 1103 3449 inerant,
1118 3383 1281 3454 relinquntur
1293 3399 1380 3436 surm
1391 3381 1457 3444 dies,

288 3475 315 3523 et
326 3468 434 3524 biduum
445 3468 478 3522 aci
490 3469 673 3524 embolismum
689 3469 876 3524 cumulandum
893 3486 910 3523 s
927 3469 1097 3539 sequentibus
1114 3469 1232 3522 sumitur.
1266 3465 1365 3522 Deinde
1383 3483 1456 3522 anno

287 3571 353 3610 usn.
370 3559 476 3624 epactae
493 3553 526 3608 sd
543 3554 598 3608 dies
614 3572 701 3610 auur
718 3555 872 3626 perveniunt
887 3555 1058 3624 restitutoque
1075 3553 1154 3608 biduo
1171 3555 1216 3607 illo
1235 3551 1399 3618 mutuatitio,
1421 3569 1457 3606 ex

288 3657 354 3694 xm
364 3640 471 3710 reliquis
482 3639 649 3694 intercalatur
660 3639 737 3704 ddsr,
749 3647 776 3694 et
787 3657 855 3694 unus
867 3639 921 3694 dies
933 3647 1060 3710 superest.
1095 3637 1186 3710 ltaque
1197 3639 1224 3692 in
1235 3637 1288 3692 fine
1300 3638 1368 3708 cycli
1379 3655 1458 3692 uass

288 3725 343 3780 diss
354 3731 465 3788 restant,
478 3731 504 3778 et
514 3723 683 3780 nibilominus
695 3743 742 3780 vn.
754 3725 921 3780 intercalatur
932 3725 1114 3789 embolismos,
1125 3741 1194 3778 anuo
1206 3741 1261 3778 arx.
1280 3723 1352 3778 llaec
1362 3723 1457 3794 glossa

288 3809 320 3864 de
337 3811 404 3880 cycli
419 3809 517 3864 ludsiei
534 3817 669 3866 contextu.
702 3811 732 3864 ln
750 3827 802 3881 quo
820 3809 937 3866 nondum
954 3811 1059 3881 expleta
1075 3810 1185 3880 syzygia
1201 3825 1335 3864 versuram
1353 3809 1412 3864 fieri
1428 3817 1458 3862 et

288 3896 424 3966 anticipari
435 3895 490 3950 dies
502 3896 601 3966 aliquot
612 3895 697 3961 rides,
709 3903 800 3950 contra
811 3911 890 3966 quam
903 3895 1020 3964 Scaliger
1031 3896 1076 3950 lib.
1084 3913 1129 3950 ru.
1138 3895 1170 3949 de
1179 3895 1315 3949 Emendat
1323 3895 1352 3950 in
1362 3895 1455 3966 Gomp.

287 3981 392 4036 ludaico
410 3982 483 4050 cyclo
505 3981 673 4034 embolismos
695 3981 858 4051 praecipitari
877 3981 956 4034 nimis
975 3979 1151 4051 imprudenter
1171 3986 1259 4050 negat.
1274 3978 1456 4050 Quanquam
1555 4007 1556 4066 p

288 4068 378 4136 glossa
388 4067 441 4120 ieta
452 4067 569 4120 lunarem
580 4082 678 4120 aunum
690 4068 806 4138 praecise
819 4065 918 4120 diesim
930 4081 1027 4120 occurs
1040 4066 1188 4130 constitnit,
1199 4079 1284 4135 neque
1295 4065 1455 4136 appendices

288 4149 364 4206 boras
376 4167 407 4204 ac
418 4153 542 4206 minutim
554 4152 741 4222 complectitur,
757 4167 824 4221 quae
840 4157 894 4206 toto
911 4151 984 4220 cyclo
996 4151 1120 4206 collectae
1132 4149 1186 4204 diss
1199 4149 1341 4204 conficiunt
1353 4169 1380 4204 rr
1393 4167 1455 4204 cum

288 4235 358 4290 boris
369 4255 429 4302 aar,
446 4245 473 4290 et
484 4237 591 4292 minutis
602 4235 652 4301 bl',
669 4237 763 4306 quibus
776 4238 853 4306 primi
864 4253 895 4290 ac
906 4237 1030 4307 postremi
1042 4237 1190 4292 embolismi
1202 4235 1319 4289 deiectus
1331 4251 1454 4306 compen-

288 4325 367 4374 satur.
398 4321 573 4385 Quamobrem
583 4321 655 4402 rudis
667 4329 706 4374 est
716 4329 743 4374 et
754 4321 908 4376 adumbrata
919 4322 986 4391 cycli
996 4321 1094 4376 Iudaici
1104 4322 1157 4376 ista
1167 4321 1317 4392 descriptio,
1332 4329 1360 4374 et
1370 4321 1403 4376 sd
1413 4321 1454 4374 la·

288 4405 405 4460 cilionem
414 4406 565 4462 methodum
579 4423 610 4460 ac
626 4408 777 4476 popularem
793 4413 900 4478 captum
915 4407 1047 4478 apposita,
1065 4423 1125 4461 cnm
1142 4407 1246 4460 iuterim
1263 4407 1316 4460 alia
1333 4407 1369 4460 sit
1383 4405 1454 4478 apud

288 4489 398 4544 ludaeos
410 4497 557 4560 epactarum
572 4508 751 4561 annorumque
767 4491 947 4546 conformatio.
982 4491 1056 4555 Quod
1067 4492 1136 4546 idem
1148 4492 1179 4544 de
1191 4490 1330 4562 Epiphanii
1341 4492 1453 4546 octaite-
1554 4493 1555 4508 ³

289 4574 344 4630 ride
354 4575 525 4646 pronunciare
536 4576 608 4642 licet,
624 4591 703 4647 quam
714 4578 756 4632 ael
766 4577 843 4642 nulli,
860 4577 912 4641 tel,
928 4576 1041 4642 siiorte,
1057 4577 1220 4648 paucissimi,
1237 4582 1298 4648 post
1308 4576 1453 4632 Nicsennm
