3126 5046
276 361 281 374 .
294 317 469 376 coaxavm

293 477 342 532 bus
354 493 454 532 morem
465 473 510 530 ille
522 489 615 546 gerens
627 475 753 547 principie
765 473 933 529 sirmiensem
945 471 1036 526 trouv
1047 474 1177 545 proponit,
1188 473 1298 527 eandem
1308 473 1387 544 plane
1398 489 1456 528 eum

293 577 336 627 ee,
353 579 433 634 quem
450 560 570 615 Socratae
588 566 614 614 et
624 559 782 614 Athanasius
799 559 926 624 reieruut,
944 559 1019 614 cuius
1037 564 1141 612 autores
1154 557 1245 612 (isium
1262 575 1292 611 ac
1309 558 1457 614 Paterniana

292 647 363 702 fault.
392 645 504 702 subiicit
514 646 605 700 deiude
618 645 788 700 Orientalium
800 645 945 710 decretam,
963 644 1032 715 quod
1049 644 1173 698 adversus
1189 644 1420 700 iatamierruulam
1430 646 1457 699 iu

294 735 431 803 Ancyreuo
443 733 553 786 concilio
565 737 691 786 statutum
703 737 754 796 est,
766 731 844 802 idque
856 747 915 784 cum
927 729 1035 783 mutuos
1047 729 1190 800 praedicat,
1201 735 1259 784 mm
1270 731 1391 801 singulas
1402 731 1457 784 eiua

293 815 967 872 sententiaeetauathematiernosuberrimedeclarat.
978 815 1457 886 PostremoreliqnasabOrieutalibue
1551 847 1552 852 κ

294 899 1458 974 editasprolessioaes,quaecumcetholiceiideconsentaneessuntexponit.Quibusita
1551 929 1552 954 r

293 989 436 1060 praefatur:
449 989 560 1057 Dipoum
573 997 655 1042 autem
665 998 702 1040 cst
712 993 867 1041 conscientia
877 993 1001 1041 emortuos·
1008 991 1085 1040 etiam
1094 997 1212 1040 caumas
1220 989 1353 1040 medear
1363 992 1458 1059 episce-

288 1092 381 1146 poruos
390 1075 549 1128 montolium
563 1076 706 1126 diversis
717 1083 748 1126 et
757 1075 841 1127 tocie
853 1082 883 1126 et
893 1075 1092 1144 temporibus
1104 1073 1338 1142 ermenpeorfide·
1347 1091 1456 1137 uocem,
1551 1061 1552 1114 1

293 1170 376 1230 asper
383 1161 472 1229 plores
484 1163 651 1229 consessiones
667 1162 805 1212 maumites
822 1161 992 1212 comcisote'ue
1007 1163 1089 1229 poerit
1104 1159 1221 1228 iateltiye'.
1238 1231 1240 1234 Ι
1256 1157 1353 1212 tubus
1366 1165 1458 1230 postea

294 1243 455 1300 Sardiceusis
467 1244 636 1300 Orientalium
653 1245 746 1314 synodi
762 1245 910 1298 turmulam.
938 1245 1061 1298 'laurita
1076 1244 1174 1315 pergite
1199 1243 1355 1314 Consequere
1376 1254 1458 1298 uetes

294 1340 342 1395 set,
353 1339 382 1383 ut
392 1347 448 1384 eum
460 1349 525 1383 eursu
531 1333 610 1400 fidem
621 1339 798 1393 retructemus,
816 1347 881 1399 quac
892 1348 941 1382 ooo
951 1331 1010 1382 oties
1022 1339 1092 1393 mooe,
1110 1347 1166 1382 eum
1177 1329 1300 1382 Pbote'aua
1310 1334 1459 1400 episcopm
1551 1351 1552 1394 j

194 1449 216 1490 p.
224 1438 269 1480 ere.
294 1419 407 1470 deiectus
426 1425 475 1480 eet,
502 1420 647 1485 comcn'ptu
670 1424 713 1469 eet.
748 1415 812 1468 Mox
831 1415 980 1470 simlerus
1002 1415 1105 1469 coudlii
1121 1415 1310 1486 professionem
1327 1413 1458 1468 descmblt.
1551 1403 1552 1440 ¹

294 1501 376 1555 Satin‘
385 1508 471 1571 aperte
480 1501 600 1555 Latinam
612 1501 684 1555 illam
695 1501 918 1571 posterioremque
925 1500 1065 1554 formulam
1077 1500 1111 1553 ab
1120 1500 1191 1565 (isio,
1203 1506 1233 1553 ut
1244 1501 1341 1565 scribit,
1353 1499 1458 1565 editam
1551 1569 1552 1578 ἵ

294 1587 455 1641 abirmiensi
467 1587 576 1641 coasilio
588 1593 700 1658 separat,
713 1587 781 1657 quod
793 1585 920 1639 diverso
932 1590 1076 1656 tempore
1088 1585 1246 1639 celebratum
1258 1584 1390 1640 affirmat?
1407 1585 1458 1640 Sed
1551 1579 1552 1590 ¹

294 1677 320 1726 et
331 1689 390 1726 cum
402 1673 440 1726 ita
450 1673 573 1743 loquitur,
585 1683 656 1726 tanc
669 1690 724 1725 com
736 1668 858 1724 Pbottnue
870 1676 1016 1742 episcopatu
1029 1673 1141 1724 duectru
1152 1681 1198 1734 eet,
1215 1671 1330 1740 tumque
1341 1685 1403 1725 cum
1415 1687 1459 1724 ex·

293 1759 449 1829 positionem
457 1757 519 1812 fidei
528 1757 765 1812 conbaPhotinum
777 1757 900 1828 scriptam
912 1758 1056 1826 explicans,
1068 1755 1108 1809 his
1119 1757 1206 1810 verbis
1217 1756 1327 1810 orditur:
1340 1756 1460 1810 Necesse·-

295 1855 335 1898 taa
347 1854 372 1898 et
381 1855 476 1915 temper
487 1845 617 1897 admonuit
627 1861 668 1896 eos
679 1847 723 1914 qai
739 1853 798 1896 tum
815 1851 985 1896 conuenerunt
990 1857 1040 1912 per
1050 1843 1202 1912 malepla'cee
1212 1845 1371 1912 querentium
1382 1843 1460 1895 lutiae

295 1949 328 1983 uc
339 1932 457 2000 differtus
469 1933 644 2000 expositionem
650 1931 717 1998 fidet
727 1921 849 1982 ordieture
861 1937 916 1991 etc,
931 1943 985 1981 non
997 1927 1106 1982 obscure
1118 1925 1188 1980 ahud
1203 1927 1273 1980 illius
1284 1933 1391 1999 tempus
1403 1943 1459 1981 esse

294 2014 433 2084 signifieat.
467 2015 521 2068 Hoc
539 2015 610 2068 euim
626 2019 723 2067 nitente
735 2014 892 2068 considerari
902 2014 1037 2078 uolumus,
1055 2013 1125 2084 quod
1136 2029 1195 2066 cuns
1207 2011 1328 2083 deinceps
1342 2023 1460 2066 cosmus

295 2101 428 2152 eorundem
439 2101 599 2152 moritolium
611 2104 783 2169 episcoporum
795 2101 904 2152 diversis
915 2109 939 2152 ct
950 2101 1013 2152 eae
1024 2109 1048 2152 et
1059 2099 1209 2168 temporibus
1226 2101 1459 2170 conscriptuafidea

296 2185 475 2254 expositurum
492 2201 520 2237 se
538 2201 595 2238 esee
613 2185 807 2250 denunciaseet,
825 2185 924 2238 nullam
940 2190 1043 2255 master
1054 2184 1234 2238 Sardicensem
1251 2189 1278 2237 et
1288 2183 1460 2238 sirmiensem

295 2274 386 2322 contra
394 2269 534 2324 Photiuum
542 2270 637 2324 editam
647 2271 792 2323 subiecerit.
808 2271 849 2323 Ex
859 2287 911 2340 quo
920 2271 1068 2323 necessario
1079 2271 1204 2340 sequitur,
1215 2283 1269 2323 nou
1280 2271 1370 2324 minus
1381 2272 1459 2324 istam

296 2371 374 2424 quam
384 2353 571 2421 Sarfflcensem,
583 2356 606 2408 si
618 2371 670 2409 nou
681 2356 746 2410 locis
758 2356 792 2409 ab
804 2355 902 2408 Osiane
912 2361 939 2408 et
949 2355 1043 2410 Latina
1053 2356 1195 2426 posteriore
1207 2355 1323 2420 dirersis
1334 2356 1459 2428 tempori·

295 2440 344 2494 bus
356 2444 424 2493 certe
441 2455 495 2493 nou
512 2440 604 2494 iisdem
622 2455 678 2494 ease
696 2443 877 2512 conscriptam.
913 2441 1045 2495 Postremo
1057 2440 1184 2512 Sulpitlus
1196 2439 1308 2494 asverus
1318 2441 1365 2496 lib.
1374 2459 1405 2498 rr.
1416 2443 1461 2496 ffi-

173 2523 178 2536 '
294 2525 390 2578 nterim
401 2524 496 2578 Sacrae
513 2526 611 2596 liquida
625 2531 766 2597 apertaque
781 2527 929 2580 narratione
941 2527 1023 2580 multo
1035 2525 1061 2579 id
1072 2525 1184 2580 validius
1195 2525 1340 2581 confirmat.
1363 2526 1463 2582 Scribit

295 2611 365 2665 enim
376 2617 437 2682 poet
448 2611 627 2666 Sardiceusem
640 2611 768 2682 synodum
780 2619 806 2666 et
818 2611 918 2667 Ursaoii
932 2629 963 2666 ao
975 2611 1091 2666 Valentis
1107 2611 1307 2682 poenitentiam,
1324 2612 1461 2666 interiecto

295 2697 387 2751 deinde
398 2703 526 2768 temporo,
544 2714 604 2751 cum
615 2696 771 2751 Atheuesiue
783 2697 948 2762 Marcellum,
965 2697 1009 2767 qui
1022 2698 1050 2750 in
1062 2695 1210 2752 Serdleeusi
1221 2697 1333 2750 coucilia
1345 2698 1464 2752 acatho-

294 2781 351 2836 licis
369 2788 425 2836 eret
441 2781 588 2850 absolutus,
606 2799 698 2854 parum
714 2795 793 2838 sanae
804 2784 866 2837 fidei
877 2789 1037 2854 compertum
1050 2797 1067 2835 a
1078 2783 1261 2836 cummunione
1271 2783 1462 2853 suspendisset,

294 2867 404 2922 Arianos
416 2885 448 2922 ea
459 2869 592 2922 occasione
603 2870 712 2922 libenter
725 2885 799 2934 ussa,
816 2885 867 2938 quo
880 2867 1042 2923 sardicensis
1053 2867 1148 2937 synodi
1159 2867 1261 2922 decreta
1271 2869 1463 2923 subverterent.

181 2979 186 2994 ·
294 2953 378 3023 Igitur
394 2959 480 3007 astuto
502 2955 611 3008 coneilio
628 2953 744 3020 Photidi,
766 2955 881 3008 Marcelli
902 2962 929 3007 et
945 2953 1084 3007 Athanasii⁴
1099 2952 1293 3008 damnationem
1312 2955 1462 3009 miscuisse.

297 3038 363 3092 Gum
375 3039 444 3091 euim
455 3040 589 3110 propalam
601 3040 691 3093 Ariani
702 3041 795 3093 erroris
807 3039 848 3093 sui
860 3040 984 3108 dogmate
999 3038 1146 3110 praedicere
1162 3055 1215 3092 nen
1230 3038 1356 3093 auderent
1371 3055 1405 3094 ac
1420 3056 1462 3093 ca·

296 3121 406 3177 thelim
418 3140 446 3177 se
459 3131 585 3193 gererent,
598 3123 663 3178 nihil
674 3125 744 3195 prius
757 3125 807 3178 sibi
818 3125 949 3195 agendum
960 3131 1030 3178 ratos
1042 3141 1099 3178 esse
1111 3139 1190 3194 quam
1201 3130 1231 3178 ut
1241 3123 1416 3179 Athanasium
1428 3127 1462 3178 ab

297 3209 406 3263 ecelesia
417 3209 607 3264 submoverent
639 3209 691 3263 Sed
703 3227 763 3263 cum
774 3211 862 3264 literas
875 3211 906 3264 de
917 3211 963 3264 illa
973 3209 1089 3274 Photini,
1102 3211 1218 3263 llercelli
1230 3215 1256 3263 st
1269 3209 1405 3264 Athanasii
1416 3211 1463 3263 da·

296 3295 429 3348 nuatione
441 3294 585 3361 dedissent,
600 3297 725 3348 restitisse
737 3294 879 3349 catholicos
891 3297 995 3361 scribit,
1012 3301 1091 3365 atque
1108 3297 1176 3350 inter
1193 3301 1309 3348 caeterea
1320 3295 1464 3350 Paulinum

297 3379 482 3433 Treverensem
497 3381 535 3433 ite
551 3381 748 3451 subscripsisse,
765 3399 793 3434 se
810 3382 837 3434 iu
849 3380 952 3434 Photini
963 3387 1041 3450 atque
1052 3381 1168 3434 Marcelli
1180 3380 1375 3435 damnationem
1386 3397 1464 3452 prae·

297 3463 358 3519 bere
370 3481 538 3530 consensum,
556 3465 587 3519 de
599 3465 740 3520 Athanasio
758 3483 811 3520 nou
828 3467 947 3537 probare.
982 3465 1067 3530 Quare
1085 3483 1144 3519 cum
1156 3466 1260 3520 illorum
1271 3463 1303 3519 de
1315 3465 1463 3522 Athanasio

298 3549 427 3603 senmntia
437 3550 620 3621 repudiaretur,
636 3552 751 3623 plerique
764 3568 780 3605 a
791 3551 943 3606 Gomtentio
955 3553 1076 3622 relegati,
1093 3565 1124 3605 ao
1140 3559 1195 3604 tum
1206 3551 1365 3604 Arelatensis
1377 3558 1406 3605 et
1417 3551 1465 3606 Bi·

297 3636 419 3689 anenata
434 3635 527 3704 synodi
543 3637 712 3702 celebrantur,
729 3637 789 3690 iude
800 3637 1015 3703 Mediolanensia3
1033 3637 1061 3689 in
1079 3651 1131 3706 que
1146 3637 1264 3706 insigues
1281 3636 1389 3707 quidam
1407 3638 1466 3709 epi·

297 3722 370 3792 scopi
381 3721 408 3774 in
421 3721 529 3774 exilium
540 3721 621 3791 pulsi,
632 3721 774 3792 Dionysias
786 3723 1002 3788 Mediolanensis,
1017 3721 1146 3776 Eusebius
1154 3721 1340 3788 Vercelleusis,
1355 3721 1466 3777 Luciier

298 3805 469 3871 (ialaritanus,
480 3806 597 3860 Liberius
609 3823 711 3877 quoque
724 3815 749 3861 et
757 3809 877 3863 llilarius.
897 3808 968 3872 Quae
981 3809 1069 3861 omnia
1077 3807 1216 3861 Arbetione
1227 3807 1379 3862 emutare
1392 3823 1465 3862 eoas.

297 3891 367 3946 iacta
377 3908 435 3945 esee
446 3892 543 3947 scribit.
565 3891 635 3944 liaeo
647 3894 797 3946 summatim
809 3893 943 3963 sulpitius.
972 3892 1072 3958 Quibus
1084 3893 1202 3964 superior
1212 3893 1256 3946 llle
1267 3892 1373 3963 agnitus
1386 3907 1403 3946 a
1415 3911 1466 3947 uu·

298 3977 338 4032 bis
351 3976 531 4049 atpateiactus
549 3993 618 4030 error
635 3978 804 4033 conducitur.
828 3977 905 4032 Vides
924 3979 994 4031 euim
1010 3983 1072 4049 pust
1088 3977 1268 4032 Sardicenssm
1286 3977 1419 4047 modum
1438 3985 1467 4032 et

297 4069 414 4133 receptos
424 4064 453 4116 in
464 4063 673 4116 communionem
685 4062 820 4117 Ursacium
837 4079 867 4117 ac
878 4064 1026 4128 Valentem,
1042 4065 1174 4134 aliquanto
1187 4069 1304 4134 ternpore
1315 4063 1466 4128 interiecto,

299 4147 466 4204 sirmiensem
474 4149 597 4202 adversus
606 4145 744 4201 Photiuum
753 4149 907 4202 celebratam
920 4147 1057 4218 synodum,
1070 4155 1130 4202 aute
1139 4149 1317 4202 Arelatensem
1326 4149 1465 4204 ethiedio-

298 4233 445 4299 laneusem,
460 4251 508 4288 uec
520 4249 573 4287 non
585 4239 725 4302 autequam
736 4233 854 4287 Liberius
866 4249 945 4305 pepe,
962 4233 1102 4298 Eusebius,
1118 4235 1213 4304 aliique
1228 4235 1465 4304 proscriberentur.

299 4317 378 4387 Atqui
389 4319 587 4372 conciliabulum
599 4319 761 4382 Arelateuss,
779 4319 847 4389 quod
860 4335 876 4371 a
888 4319 1028 4373 Saturnine
1042 4319 1198 4373 celebratum
1212 4325 1265 4384 est,
1283 4334 1352 4373 aune
1364 4319 1466 4374 Christi

300 4415 409 4458 cucurri.
426 4405 547 4474 contigit,
563 4420 623 4457 cum
635 4403 731 4458 samio
746 4405 774 4456 in
787 4403 884 4458 Galliae
896 4405 1026 4474 proiectus
1042 4411 1110 4458 essm
1122 4403 1304 4470 Constantius,
1312 4411 1350 4462 ,ut
1366 4406 1393 4458 iu
1407 4407 1467 4458 An·

299 4485 402 4539 usibus
410 4487 512 4557 legitur,
523 4489 716 4542 Mediolaneuse
724 4505 785 4542 vero
795 4505 862 4542 annu
873 4503 966 4543 occur.
980 4489 1119 4544 Arbetione
1127 4494 1154 4542 st
1162 4489 1280 4544 Lolliano
1289 4505 1357 4545 cusa.
1372 4489 1465 4545 'lauto

299 4571 380 4641 igitur
391 4575 449 4624 ente
460 4576 576 4642 tempore
587 4573 724 4629 damnatus
735 4572 860 4628 Photinus
871 4589 903 4630 ec
912 4573 1062 4630 Mensis
1073 4579 1181 4645 peracta
1190 4573 1307 4645 modus
1319 4580 1367 4641 eat,
1377 4589 1467 4645 qum
