3138 5044
294 285 455 342 CXXXVIII

292 443 356 496 tiam
370 446 455 496 mutet
470 457 501 496 ac
516 441 673 496 conuiuium
690 439 766 494 decet
779 439 824 494 lib.
835 459 860 496 v.
872 457 898 512 p.
908 437 966 495 339.
1000 438 1111 494 Iudaeos
1129 440 1199 494 euim
1209 441 1305 494 merit
1316 440 1452 511 Galrppica

288 530 396 598 periodo
413 530 450 581 ad
465 539 578 597 tempora
594 545 669 596 neque
681 525 839 580 Diocletiani
845 527 906 596 plue
916 531 997 578 minue
1008 545 1066 580 ueoe
1076 545 1137 582 ecee.
1171 525 1224 580 Sed
1235 543 1290 579 cum
1303 526 1453 596 Galeppicae

292 617 435 668 neomeniae
447 614 520 666 biduo
533 632 608 666 cerae
620 615 761 666 neomeniae
771 621 940 676 morarentur,
951 612 1101 680 synedrium
1117 613 1141 662 T
1139 613 1297 664 iheriadenee
1309 617 1454 664 ccacocatie

287 703 381 770 peritia
393 703 564 752 aetrorsonniae
577 701 719 766 rnaqietrie,
736 701 802 750 inter
813 715 883 766 quoe,
900 708 927 750 ut
942 702 1066 761 existimo,
1083 697 1169 750 Rahhi
1179 698 1261 768 riddo
1272 701 1334 763 fuit,
1347 717 1394 749 ueu
1407 697 1453 750 Ca·

292 788 405 855 lippicae
412 787 517 854 periodi
528 803 583 836 cum
595 792 707 853 computo
720 801 842 836 annnam
853 785 1001 836 Alexandri
1011 785 1087 836 eimal
1098 784 1222 852 ahroqato
1234 801 1324 836 noram
1337 788 1401 836 anni
1412 803 1454 835 ra-

292 875 381 924 tionern
393 874 514 933 instituit,
530 881 558 924 ut
568 873 711 923 neomeniae
722 887 769 921 non
777 885 828 938 per
835 871 969 938 periodos,
986 871 1033 921 aed
1047 887 1095 939 per
1105 873 1187 938 ipsum
1198 879 1287 922 mamm
1299 870 1408 922 mediam
1419 870 1455 924 le·

291 975 379 1009 narem
387 965 549 1026 putarentur.
574 955 634 1008 Cum
645 959 726 1023 iqitar
738 957 802 1006 diem
809 993 817 1018 ,
833 955 877 1008 uhi
888 965 946 1008 erat
956 957 1025 1008 locut
1037 957 1091 1007 diei
1100 955 1286 1019 intercalandi,
1302 955 1350 1008 hoc
1363 966 1401 1008 eet
1410 973 1455 1008 vn.

295 1043 361 1104 Oct,
371 1050 493 1111 putarent
496 1045 581 1110 fialae
588 1045 701 1110 prirncm
714 1043 792 1106 diern,
804 1045 831 1092 in
843 1059 893 1109 qua
905 1043 1011 1094 mundus
1022 1042 1150 1104 conditus,
1162 1040 1222 1092 hinc
1235 1049 1375 1110 computum
1387 1059 1455 1092 mane

290 1132 358 1180 inire
370 1129 541 1181 decreuerunt.
577 1125 613 1178 Et
630 1129 689 1195 quia
708 1127 762 1178 diee
773 1129 928 1195 aequinoctii
938 1137 963 1180 et
973 1129 1029 1180 ideo
1046 1127 1069 1178 Τ
1067 1127 1181 1197 cleophae
1193 1127 1348 1180 autumnalia
1359 1136 1421 1180 erat
1429 1130 1456 1178 in

291 1231 363 1267 xxiv.
374 1213 455 1282 Sept,
473 1213 668 1265 considerarunt
678 1215 705 1263 in
717 1220 774 1280 quot
785 1215 861 1263 annie
876 1211 900 1262 Τ
897 1215 946 1266 ieri
957 1231 975 1263 a
987 1223 1074 1265 centro
1086 1213 1267 1275 Macedonico,
1284 1214 1315 1264 id
1330 1221 1368 1264 eet
1380 1231 1399 1264 a
1411 1229 1455 1265 ser.

295 1300 349 1354 Oct.
362 1301 399 1351 ad
409 1315 480 1352 xxiv.
491 1297 560 1366 Sept.
571 1301 599 1349 in
610 1300 742 1349 anteriora
752 1313 903 1366 proqreeeue
908 1301 1019 1366 secerit‚·
1036 1301 1103 1368 qnod
1113 1317 1162 1350 non
1169 1306 1307 1366 potuerunt
1317 1296 1456 1366 deprehen-

229 1445 232 1454 Ι
293 1387 352 1438 dere
369 1387 423 1436 aine
439 1385 558 1436 doctrina
574 1386 638 1434 areni
649 1382 680 1437 Ii.
692 1383 780 1434 Addo.
812 1382 899 1450 lqitur
910 1403 927 1435 a
939 1400 986 1438 ιιι.
998 1383 1052 1438 Oct.
1065 1385 1102 1438 ad
1111 1401 1182 1436 xxrm
1194 1383 1263 1452 Sept.
1275 1385 1330 1436 dice
1341 1392 1456 1436 santam

288 1487 422 1540 praecree3
433 1469 522 1539 quibua
534 1477 674 1538 competunt
685 1472 749 1520 anisi
760 1465 830 1519 4104
842 1485 872 1520 ee
884 1469 1002 1520 doctrina
1014 1469 1045 1522 a.
1056 1469 1144 1522 Aede.
1184 1467 1297 1522 Totidem
1315 1473 1381 1520 enim
1395 1472 1457 1520 anni

293 1559 357 1608 dant
367 1553 526 1624 nponpicseuc
538 1551 680 1619 σεληνιακῆς
693 1556 747 1606 dice
756 1571 821 1618 1111,
839 1553 928 1606 horam
940 1572 959 1608 ι.
993 1552 1065 1607 Idem
1077 1559 1103 1607 ei
1114 1555 1159 1608 lib.
1171 1571 1205 1607 tv.
1217 1571 1242 1624 p.
1252 1553 1311 1608 261.
1323 1555 1456 1624 repetitur.

291 1641 388 1695 Verum
399 1639 464 1693 nihil
475 1637 523 1692 hac
534 1638 660 1709 Scaligeri
671 1639 789 1692 doctrina
799 1640 891 1692 sanius
903 1644 981 1708 atque
992 1639 1182 1693 inconstantius
1193 1645 1241 1694 est.
1258 1639 1376 1692 Prirunm
1388 1640 1458 1692 enirn

291 1731 414 1780 renuent
424 1726 451 1778 id
463 1725 531 1795 quod
543 1723 657 1790 dixerat,
672 1724 830 1796 Capricam
842 1724 954 1778 termam
964 1731 1025 1796 post
1036 1723 1201 1779 Constantini
1211 1731 1329 1795 tempus
1339 1723 1457 1778 nondum

291 1811 452 1882 repudiatam
472 1810 565 1874 fuisse,
586 1815 611 1863 et
631 1826 700 1864 auno
717 1811 830 1880 primum
844 1809 902 1865 344.
920 1811 1028 1865 alteram
1045 1811 1117 1866 illam
1132 1811 1188 1864 eius
1203 1811 1261 1864 loco
1278 1809 1456 1864 substitutam.

291 1897 390 1951 Deinde
401 1897 432 1948 R.
442 1895 541 1948 Addam
553 1895 578 1948 ei
589 1895 699 1948 concilio
717 1895 864 1949 iuteriuisse
881 1901 993 1966 putatet
1009 1896 1182 1968 repudiandae
1195 1895 1344 1966 Galippicae
1356 1895 1457 1966 periodi

291 1999 322 2036 ac
333 1982 482 2036 recentioris
493 1981 668 2034 instituendae
679 1985 798 2034 autorem
808 1981 897 2036 iuhee.
920 1981 959 2036 hd
975 1981 1040 2036 haec
1056 1981 1173 2036 eiusdem
1184 1980 1377 2036 Tiberiadensis
1391 1981 1457 2051 Syn·

291 2069 356 2122 edrii
367 2074 393 2120 et
404 2067 434 2120 lt
444 2066 532 2120 hddae
547 2065 649 2119 decreto
659 2067 812 2120 hansletarn
824 2083 882 2120 ease
894 2069 956 2121 anui
967 2067 1094 2138 epocham
1107 2083 1177 2121 avis.
1185 2065 1240 2121 Oct.
1251 2065 1284 2120 ad
1293 2083 1367 2121 xxrv.
1375 2065 1457 2137 Sept,

292 2169 352 2206 cum
368 2157 409 2205 tot
423 2152 486 2205 anni
500 2151 635 2205 constituti
651 2157 749 2216 essent,
768 2157 831 2222 quot
847 2152 880 2206 ad
896 2169 946 2208 ιιιι
957 2153 1058 2208 dierum
1074 2153 1209 2224 περιήγησιν
1226 2155 1403 2222 requiruntur,
1419 2153 1458 2206 ui·

290 2239 387 2292 mirum
398 2237 474 2290 4104.
506 2236 578 2301 Quae
590 2239 678 2290 omnia
689 2253 781 2308 parurn
793 2244 833 2291 est
843 2238 932 2292 inania
944 2245 970 2292 et
981 2239 1159 2292 commentitia
1171 2255 1228 2292 esee
1245 2253 1292 2292 nec
1303 2238 1384 2291 ullius
1397 2239 1458 2292 acri·

290 2323 373 2395 pteris
385 2323 534 2386 autoritate,
547 2323 653 2376 autulio
663 2323 825 2394 antiquitatis
838 2325 988 2378 testimonio
1001 2325 1099 2390 fulciri,
1111 2325 1162 2378 nisi
1173 2324 1397 2378 cauteriantium
1410 2325 1460 2378 sibi

290 2425 321 2463 ae
329 2408 488 2462 nullomodo
498 2408 806 2464 cousentanaadicautur.
823 2409 894 2464 NIhiI
902 2411 973 2466 enim
981 2410 1050 2481 apud
1059 2409 1222 2480 Scaligernrn
1232 2427 1291 2466 cum
1303 2409 1331 2464 iu
1342 2411 1420 2464 libris
1429 2410 1459 2462 de
1562 2473 1563 2490 Χ

290 2493 399 2550 Emend.
411 2499 468 2547 tum
479 2494 507 2548 iu
515 2493 585 2564 Ieag.
592 2492 741 2548 (lenonibus
750 2500 805 2548 tam
818 2497 906 2550 crebro
919 2495 1084 2552 decantatum
1095 2503 1135 2550 est
1146 2512 1226 2566 quam
1234 2496 1364 2550 novitium
1375 2496 1460 2560 illurn,

191 2593 197 2610 ’
290 2579 590 2645 ntsocm,1udaeorum
607 2597 719 2646 anuum,
737 2598 788 2652 quo
807 2581 844 2634 uti
861 2579 989 2652 hodieque
1007 2583 1103 2646 solent,
1121 2598 1138 2636 a
1153 2581 1184 2636 R.
1198 2581 1290 2636 iliileie
1306 2582 1387 2651 lenge
1399 2587 1462 2652 post

289 2666 320 2720 R.
330 2666 460 2722 Samuelis
471 2665 560 2720 Adduo
571 2673 689 2736 tempora
700 2669 879 2737 excogitatum
890 2667 980 2722 fuisse.
1003 2668 1040 2722 hc
1053 2683 1086 2722 ne
1097 2667 1250 2720 calumniari
1262 2667 1348 2722 sciens
1361 2667 1460 2732 sidau,

290 2769 350 2806 cum
361 2753 393 2806 iis
406 2768 473 2822 quae
484 2753 511 2806 in
524 2769 600 2823 opere
611 2753 655 2806 iilo
668 2752 699 2807 de
711 2753 897 2806 Emendatione
915 2753 1018 2825 scripsit
1034 2753 1181 2818 conteram,
1197 2767 1264 2823 quae
1280 2753 1307 2806 iu
1323 2759 1460 2823 pestremo

289 2853 368 2908 quem
380 2852 412 2890 ea
422 2837 454 2890 de
465 2854 493 2891 re
505 2837 584 2892 edidit
598 2839 664 2892 libro
676 2839 780 2909 penitus
792 2855 808 2892 a
820 2855 849 2892 ee
858 2837 960 2894 direrm
971 2855 1002 2892 ac
1013 2839 1159 2910 pugnantia
1169 2839 1299 2909 leguntur.
1326 2837 1397 2892 Nam
1407 2839 1461 2894 lsa-

290 2939 353 2993 gog.
363 2922 426 2976 Gan.
438 2924 484 2979 Iib.
494 2941 533 2980 ιιι.
545 2941 571 2994 p.
581 2923 638 2977 21⁵.
661 2925 773 2994 Templa,
785 2925 882 2994 inquit,
894 2924 980 2978 adhuc
991 2933 1087 2988 etante,
1099 2929 1190 2978 neruis
1202 2942 1268 2978 mae
1280 2926 1382 2980 aneni
1391 2925 1461 2996 Hio-

285 3009 386 3078 parchi
396 3014 423 3060 in
435 3026 504 3060 amm
521 3029 539 3062 a
551 3009 658 3062 Iudaeie
674 3019 790 3080 receptae
807 3019 871 3065 erat
905 3010 967 3064 Poel
978 3012 1103 3064 excidium
1115 3012 1212 3080 templi,
1229 3019 1258 3062 ut
1272 3014 1461 3082 eeaetsormula

289 3095 414 3163 quaedam
422 3103 548 3164 perpetua
561 3099 625 3146 anesi
635 3097 731 3160 cicilia,
750 3115 795 3166 quo
810 3097 932 3164 pleraque
948 3099 1027 3150 onnia
1039 3095 1191 3150 Iudaeorum
1203 3094 1326 3164 διασπορὰ
1336 3105 1462 3160 nter-etur,

189 3225 210 3264 Ρ.
220 3215 263 3257 m·
286 3182 372 3248 primo
384 3189 468 3249 ippum
475 3179 620 3248 publicarit
631 3179 661 3232 R.
670 3179 773 3233 Samuel
789 3190 948 3250 coqnomeato
965 3180 1117 3245 Iarcleinai,
1133 3184 1238 3234 circiter
1254 3199 1348 3233 animm
1361 3179 1463 3236 Christi

290 3279 383 3320 couti.
393 3265 454 3334 plue
462 3269 556 3316 minue:
569 3268 668 3334 mando
678 3266 939 3336 Iudaeiepraecepit‚
951 3269 1079 3320 utrelicta
1088 3270 1168 3319 cereri
1180 3265 1301 3336 Telcnpla
1309 3270 1338 3318 in
1347 3283 1394 3321 sur.
1405 3267 1462 3320 Oct.

211 3393 214 3402 .
294 3349 440 3419 Telcupleam
450 3348 579 3418 Soeiqeuie
590 3351 720 3404 lulianam
735 3357 762 3404 in
774 3369 845 3406 urs.
853 3352 922 3422 Sept.
935 3354 1153 3422 amplecterentur.
1187 3352 1249 3421 lpse
1266 3355 1342 3404 etiam
1359 3357 1463 3422 ρτὺιιιιι

291 3435 445 3488 ludaeorum
457 3453 487 3490 ee
496 3437 638 3498 definitione
650 3441 741 3490 menete
752 3439 853 3490 lunaria
861 3437 1033 3508 Hipparchea
1043 3438 1208 3508 deprehendit
1216 3439 1352 3490 diecrimen
1365 3457 1463 3492 ennea·

291 3522 466 3574 decadleridoe
478 3521 598 3574 Iulianae
610 3532 634 3575 et
642 3525 742 3576 lunaris
754 3541 807 3576 ecee
819 3523 872 3576 dor.
881 3525 903 3576 1.
914 3523 973 3576 485.
990 3524 1083 3576 Poetea
1095 3523 1127 3578 R.
1138 3524 1218 3576 uiuida
1232 3521 1288 3576 Bar
1298 3522 1408 3589 Ataeo,
1422 3529 1463 3578 uir

289 3607 391 3660 saeculo
406 3625 450 3660 euo
468 3607 621 3660 Iudaeorum
637 3610 807 3672 doctissimae,
827 3613 965 3679 pensitatio
979 3607 1130 3679 Hipparchi
1146 3609 1301 3673 rationibus,
1321 3625 1353 3660 eu
1370 3612 1463 3680 quidue

290 3694 514 3746 enneadecoiterie
527 3694 691 3746 lunaemiaor
706 3704 743 3746 eet
752 3713 804 3747 nna
816 3697 1059 3748 enneadecaeteride
1073 3693 1211 3764 Calippica
1226 3693 1280 3746 lior.
1288 3695 1311 3746 1.
1326 3693 1395 3759 485,
1414 3697 1463 3748 leuc

264 3791 271 3804 ’
290 3795 391 3832 excusa
404 3781 430 3830 in
441 3777 477 3830 19
489 3780 621 3832 dietrihuto
632 3781 734 3848 colleqit
744 3779 798 3835 liar.
809 3783 835 3834 0.
847 3779 930 3849 fidis„
939 3771 970 3832 dh
978 3781 1121 3848 quadrante
1130 3779 1241 3844 Iuliano,
1252 3777 1463 3852 eionalippico,

290 3865 461 3918 deducendum
473 3881 538 3926 eeeeq
551 3873 579 3916 ut
589 3866 676 3918 modus
688 3870 752 3918 areni
761 3870 796 3918 eit
807 3868 904 3919 dierum
913 3864 968 3916 365
974 3903 982 3928 ,
994 3865 1019 3916 5.
1033 3863 1156 3934 997¹²s„.
1177 3867 1264 3926 Quare
1276 3865 1307 3916 R.
1317 3866 1405 3920 Adda
1417 3869 1463 3921 Iu·

290 3953 385 4003 lineium
404 3967 496 4002 annum
519 3959 543 4002 et
561 3949 686 4002 Samuelie
707 3950 730 4002 T
728 3951 841 4020 elupltae
858 3954 959 4014 reiecit,
977 3951 1044 4020 quod
1062 3952 1142 4002 eidem
1159 3950 1262 4002 Iuliano
1279 3951 1320 4002 die
1332 3963 1463 4022 perpetua

290 4035 437 4100 nauarent,
454 4039 509 4105 e'pee
525 4054 584 4088 uero
600 4053 654 4086 cum
672 4053 764 4088 anniam
781 4039 903 4104 tropicum
915 4035 1110 4104 Hipparclenm
1122 4038 1175 4088 euie
1191 4035 1348 4098 ohtruaieeet,
1368 4035 1399 4090 a'n
1416 4057 1463 4108 quo

286 4130 346 4188 poet
359 4121 414 4174 30¹1
426 4139 507 4174 annae
522 4123 584 4174 eolia
601 4137 633 4172 ac
649 4121 725 4173 laruae
740 4124 853 4174 rationee
869 4123 907 4174 ad
922 4123 1039 4174 annatim
1055 4121 1197 4188 quadrant,
1215 4137 1259 4172 nec
1275 4122 1386 4174 catulla
1400 4139 1463 4194 erpo-

291 4203 425 4274 ipnruca,
444 4217 489 4260 aut
505 4205 686 4277 peripnraca,
709 4204 732 4254 T
730 4205 845 4274 elupleoe
861 4208 931 4258 aliae
947 4209 1070 4270 antidit,
1088 4223 1152 4275 quae
1170 4223 1225 4258 cuns
1243 4206 1381 4258 noviluniis
1395 4212 1464 4278 pari

286 4308 395 4359 prorem
405 4296 506 4346 ratione
518 4311 535 4344 a
548 4291 647 4344 Iuliani
659 4295 721 4342 anni
732 4291 828 4359 epocha
841 4293 1034 4346 retrocederent.

358 4374 439 4428 Oreus
448 4381 584 4430 eatautem
593 4392 609 4428 a
618 4373 744 4446 Tekupha
753 4375 846 4441 Nicen,
856 4395 909 4431 uon
918 4376 1076 4441 ntSemuel,
1085 4393 1100 4430 a
1109 4375 1321 4446 TehuphaTieri,
1330 4377 1462 4446 primuni·

290 4475 341 4529 que
350 4459 430 4514 Nisus
443 4460 470 4512 in
483 4477 513 4514 ec
525 4467 601 4514 nocte
613 4462 748 4515 cohocauit
760 4479 826 4531 quae
838 4469 928 4516 secute
939 4468 980 4515 est
988 4461 1112 4533 Kathpn
1121 4462 1185 4514 ieris
1195 4480 1226 4526 v,
1239 4462 1313 4516 caius
1323 4460 1463 4518 character

290 4544 315 4598 5.
330 4545 352 4598 1.
365 4545 415 4598 tto
427 4561 494 4600 auno
507 4545 623 4602 hodierni
635 4547 751 4618 computi
761 4545 847 4614 4017,
859 4553 885 4602 et
896 4549 930 4602 ab
943 4563 973 4600 eo
986 4547 1096 4602 deducte
1109 4546 1256 4602 charactere
1268 4565 1305 4602 vu
1317 4563 1462 4615 morum,
