3126 5046
1136 325 1217 388 0031

129 479 185 544 tled
193 486 226 539 nt
234 481 346 554 aespite
357 482 415 553 ipse
425 480 629 554 disputationem
638 497 813 550 masmanna,
825 497 970 555 proponam
981 487 1041 540 ente
1053 483 1217 556 cautequae

61 565 153 624 deltae
163 565 273 622 blatoria
284 567 404 622 Socrates
415 583 446 620 aa
457 566 616 622 Βοιοιιιιιιιιι
629 569 732 642 scriptia
744 569 963 626 commendarunt
996 567 1063 626 Nam
1077 569 1109 627 ab
1120 570 1177 622 istis
1189 569 1217 624 in

61 652 221 722 aliquarum
232 653 387 724 scriptorum
398 653 598 707 commentarios
606 653 668 706 iacti
683 653 753 706 illius
770 659 810 706 eet
826 653 941 716 derivate
955 654 1088 710 memoria
1122 654 1219 708 Scribit

60 737 141 808 'mitur
151 737 282 810 imprimis
292 737 412 794 Socrates
422 737 497 793 libe.
510 754 566 808 cap.
576 755 632 794 xix.
644 753 679 794 ex
694 755 725 794 eo
741 743 869 809 tempore,
887 756 937 810 qno
953 738 1091 795 Noratiaui
1105 739 1219 810 primam

61 827 234 888 emerserunt,
250 823 387 894 episcopos
397 823 624 894 poenitentiarium
634 825 814 894 presbyterum
827 825 991 892 adiunxisse,
1003 831 1032 878 ut
1043 824 1088 895 qni
1102 831 1161 895 post
1172 825 1217 878 ba·

60 909 186 980 ρᾶιωιιιιι
197 907 365 979 deliquissent
375 924 424 962 ane
434 908 503 979 apud
514 908 587 964 illum
598 913 706 979 peccata
716 908 907 965 confiterentur.
935 909 1053 964 Eundem
1063 927 1139 982 porro
1151 909 1218 966 Gon·

60 993 231 1064 stantiuopoli
240 991 281 1048 bis
292 993 324 1046 da
335 993 434 1048 caumie
445 993 600 1063 abrogatum
610 994 699 1048 inissa.
724 993 832 1050 Femina
843 994 970 1065 quaedem
981 996 1104 1067 primaria
1114 995 1147 1048 ad
1158 1011 1218 1052 eum

61 1077 203 1134 confitendi
213 1093 308 1135 mussa
317 1094 373 1134 aeae
385 1079 535 1134 contulerat
570 1077 619 1134 Oui
634 1096 693 1134 cam
710 1085 827 1150 peecata,
843 1096 910 1150 quae
926 1087 986 1150 post
1001 1081 1159 1151 baptismum
1174 1081 1218 1136 ad·

60 1164 181 1228 miserat,
197 1165 286 1218 omnia
296 1163 450 1234 singillatim
461 1163 636 1233 exposuisset,
653 1165 725 1219 obire
741 1165 927 1236 poenitentiam
943 1165 1053 1230 iubetur,
1070 1182 1100 1220 ec
1115 1166 1218 1222 ieiuniis

61 1253 85 1302 et
96 1249 260 1304 emtionibus
272 1248 383 1304 maidnia
393 1249 520 1304 instatere.
545 1249 575 1304 ln
587 1266 638 1319 quo
650 1249 756 1320 longius
767 1265 908 1320 progressa
922 1248 980 1319 (boc
996 1257 1047 1318 eat,
1064 1257 1092 1306 ut
1107 1251 1219 1306 declarat

60 1333 238 1400 Seaemenna,
249 1334 346 1388 dutiae
355 1334 382 1388 iu
391 1335 514 1390 ecclaesia
523 1335 701 1404 perseverans)
713 1333 783 1388 alind
792 1335 921 1405 quoddam
930 1335 1014 1391 scelus
1024 1353 1101 1392 sunm
1110 1338 1219 1408 aperuit,

60 1425 184 1490 emprani
193 1419 325 1486 videbant,
342 1419 411 1490 quod
422 1435 482 1475 eum
493 1419 600 1474 dimano
611 1420 784 1476 commiteret
819 1419 900 1472 Τοῦτο
912 1419 1011 1492 λεχθὲν,
1028 1420 1077 1485 boc
1094 1429 1146 1488 est,
1164 1441 1219 1478 com

61 1503 105 1559 loe
118 1506 216 1562 άὼευιι
228 1514 303 1580 auset,
314 1503 439 1562 daucum
449 1505 477 1557 in
490 1503 606 1560 ordinem
616 1503 735 1566 redactae
747 1513 795 1560 eet.
830 1504 965 1562 tremente
976 1522 1037 1560 rere
1054 1522 1085 1560 ac
1095 1509 1219 1563 tumultu·

60 1595 118 1647 ante
130 1589 209 1660 plebe
225 1594 253 1650 et
262 1587 433 1660 flagrantibus
446 1589 544 1644 invidia
555 1589 654 1644 dariam
669 1587 803 1646 Nectariua
815 1588 988 1646 Eudaamunie
1004 1591 1137 1646 cuiusdam
1148 1609 1218 1664 pree·

60 1673 147 1744 bpteri
166 1689 265 1748 genere
285 1673 454 1730 Alexandrini
474 1675 580 1730 coneilio
606 1674 833 1744 poenitentiarium
860 1675 1038 1744 presbyterum
1062 1677 1168 1729 sustnlit
1193 1682 1220 1732 et

61 1775 273 1830 unumquemque
285 1776 348 1815 suae
360 1759 531 1814 conscientiae
542 1759 673 1830 permisit,
690 1765 720 1812 ut
732 1775 766 1812 ox
777 1759 833 1814 eiua
844 1759 948 1812 arbitrio
961 1758 992 1814 de
1004 1761 1133 1828 mysteriis
1144 1777 1219 1816 usur-

60 1844 154 1914 pandis
161 1844 233 1915 apud
241 1861 269 1900 ee
277 1850 409 1900 metueret
426 1845 494 1900 llaec
503 1844 652 1900 adverbum
661 1843 792 1909 Socrates,
802 1843 943 1915 eademqne
952 1843 1223 1916 Soaomeuuelib.v1u¹

60 1945 115 2000 esp.
127 1948 183 1989 xva

126 2015 170 2070 lla
181 2015 276 2085 quibua
287 2015 449 2086 antiquatum
463 2012 687 2086 Omstantinupoli
702 2013 843 2072 confitendi
858 2015 937 2070 ritum
952 2031 983 2070 ec
994 2016 1168 2088 poeniteutiae
1179 2033 1219 2072 aa·

60 2107 227 2163 mutuae
235 2116 293 2157 erae
304 2099 437 2160 eoblatnn
446 2105 507 2170 post
519 2098 665 2157 Onlriuium
676 2098 799 2154 baeretici
810 2116 900 2159 amaea
912 2101 1045 2172 colligunt.
1063 2101 1151 2156 Nostri
1160 2118 1219 2174 par·

60 2187 107 2243 tim
118 2185 262 2248 confictam
272 2185 339 2242 hauc
355 2183 535 2260 allevetianis
551 2182 679 2241 historicis
694 2185 811 2242 tabulam
828 2191 974 2260 opponunt,
990 2186 1018 2240 iu
1034 2202 1129 2257 eaque,
1147 2193 1176 2242 ut
1191 2189 1223 2242 in

60 2271 118 2328 aliia
130 2271 264 2342 plurimis,
278 2270 401 2328 mentitos
412 2269 471 2324 illos
483 2285 540 2324 aeae
552 2269 706 2338 defendunt,
723 2271 818 2342 partim
829 2288 881 2326 non
893 2272 1120 2338 sacramentalem,
1135 2277 1164 2326 ut
1174 2289 1220 2327 ro·

60 2363 135 2420 cant,
153 2355 357 2422 amanteum,
372 2371 405 2411 ec
415 2355 534 2422 tacitam,
546 2355 592 2416 aad
602 2356 734 2426 publicem
745 2361 839 2428 putant
849 2372 905 2413 esee
917 2356 1055 2416 sublatam.
1089 2357 1133 2412 Sic
1149 2359 1219 2412 enim
1245 2362 1318 2416 naen

60 2441 226 2508 affimant,
247 2458 293 2499 eoa
313 2440 358 2511 qni
374 2439 477 2511 publice
498 2440 684 2511 poententiam
705 2443 865 2514 susciperent
888 2457 937 2496 sua
956 2441 1084 2512 quaedem
1103 2443 1219 2511 munina,

60 2541 129 2596 quae
140 2525 261 2580 sacerdes
273 2525 448 2596 designasset,
462 2526 597 2596 propalam
612 2531 640 2580 et
649 2525 677 2580 in
687 2525 817 2601 deonanti
828 2527 951 2583 ecclesiae
963 2533 1038 2582 coetu
1049 2527 1166 2582 confiteri
1177 2546 1223 2582 so-.

58 2610 134 2678 litos,
146 2615 173 2666 et
183 2627 241 2669 eam
251 2611 338 2682 ipsam
348 2610 480 2682 publicem
492 2609 681 2672 mniasaiouem
689 2611 839 2682 entiqneoae
847 2609 1009 2676 lienteriam,
1022 2627 1088 2682 quae
1099 2629 1152 2666 nou
1163 2618 1218 2667 tam

58 2695 92 2752 ad
103 2696 199 2767 cnlpae
214 2695 414 2768 promerendam
425 2696 527 2754 reniam
544 2712 624 2766 quam
639 2694 672 2751 ad
686 2711 798 2766 poenam
812 2694 1067 2766 satisfactionemque
1082 2701 1218 2768 spectarat.

59 2780 166 2839 Etenim
181 2787 329 2839 matronam
345 2781 418 2838 illam
435 2796 452 2834 a
470 2781 579 2836 diacono
597 2785 792 2852 constupratam
808 2780 894 2846 aiunt,
912 2795 972 2834 eum
989 2779 1022 2832 ed
1038 2780 1170 2849 publicam
1187 2781 1218 2836 de

58 2881 134 2922 more
144 2866 337 2926 comminuam
348 2866 474 2932 venisset,
490 2867 663 2938 praescriptae
679 2865 730 2920 eibi
743 2882 762 2920 a
777 2864 974 2936 poenitentiario
987 2864 1119 2924 secerdote
1131 2868 1219 2921 termi-

56 2968 109 3006 noa
117 2967 267 3022 meam,
278 2951 454 3024 imprudenter
462 2952 587 3007 incestum
598 2966 651 3004 ana
659 2950 732 3004 illum
740 2949 902 3021 pateteciase.
919 2949 971 3004 alii
982 2950 1085 3004 canedo
1095 2957 1121 3004 et
1129 2957 1218 3006 autore

57 3037 197 3093 mernere
208 3037 357 3108 dimlgmee
368 3037 483 3102 molunt,
495 3034 564 3106 quod
575 3035 677 3091 obeam
689 3051 744 3091 rem
756 3035 788 3088 ab
801 3033 887 3090 officio
897 3039 1014 3090 remotus
1026 3033 1111 3090 inerit.

126 3122 339 3194 Seddepublica
349 3121 512 3179 commnione
523 3137 594 3174 mor.
616 3119 1023 3186 illudinterimoonaideraudum
1034 3120 1218 3178 undetaudem

57 3209 222 3280 acceperint,
237 3206 389 3268 mmdatum
403 3205 519 3272 mulieri,
534 3206 573 3260 uti
590 3220 638 3262 aaa
653 3221 699 3276 pro
715 3205 840 3260 concione
851 3209 958 3276 peccata
969 3205 1088 3262 omuibus
1100 3207 1219 3263 ediceret.

56 3293 117 3352 Duo
129 3299 194 3349 suut
205 3291 344 3350 ire-Graece
354 3291 501 3351 merione
513 3290 603 3355 rerba,
619 3306 654 3344 ex
670 3290 765 3361 quibus
779 3295 910 3360 utcunque
922 3289 1013 3344 deduci
1022 3297 1116 3360 potest.
1150 3291 1218 3348 llam

56 3378 130 3450 apud
143 3377 290 3440 &cratem
308 3375 323 3446 ἡ
337 3375 555 3447 trapotutanus,
567 3375 607 3428 aul
619 3371 682 3431 ἄλλο
695 3377 805 3444 πταῖσμα
817 3371 901 3440 tenuit
913 3376 1042 3446 κατηγόρει
1072 3375 1146 3440 Quia
1157 3396 1218 3449 προ-

56 3463 180 3532 polsooon
188 3461 269 3530 dixit,
281 3461 460 3532 etenmpdprt,
471 3461 597 3532 interpret
608 3461 645 3516 ite
655 3460 742 3516 vertit:
759 3460 853 3513 Mulier
864 3461 962 3530 loupiac
973 3464 1000 3512 in
1012 3463 1149 3530 confitendo
1208 3492 1218 3503 -

54 3566 166 3618 orma,
176 3549 284 3605 maes
295 3549 386 3618 selune
395 3549 507 3618 seipsam
518 3547 655 3603 immolat.
688 3543 748 3601 llou
757 3549 840 3612 recte,
852 3544 875 3598 ei
886 3544 948 3614 qnid
959 3545 987 3600 iu
998 3544 1038 3600 hie
1050 3545 1133 3602 video.
1156 3482 1218 3601 ll:-
1296 3609 1299 3616 ¹

55 3649 109 3706 qna
121 3633 197 3690 enim
206 3631 373 3702 κροβαῐνοιιοα
383 3631 417 3688 ad
428 3631 618 3688 contessionem
629 3630 752 3702 pertinet,
764 3629 845 3686 multe
857 3629 943 3688 miuus
952 3629 986 3710 ed
993 3629 1138 3700 publicam,
1150 3631 1220 3702 quod

55 3719 88 3774 de
100 3734 154 3774 aun
164 3716 215 3772 viri
225 3716 331 3788 quidam
342 3716 405 3772 boni
416 3716 502 3770 colent
515 3715 657 3778 adtextere.
691 3713 742 3768 Sed
757 3713 892 3778 nimirum,
910 3719 940 3768 ut
957 3731 989 3768 ex
1006 3713 1150 3770 Soaomeno
1167 3717 1219 3772 ool-

54 3804 160 3876 iigitnr,
171 3819 236 3867 oum
243 3802 270 3856 iu
282 3801 400 3862 obeunda
410 3802 583 3874 poenitentia,
598 3801 627 3856 in
638 3800 766 3864 oratioue,
782 3798 891 3864 ieiunio,
902 3797 1090 3869 frequentanda
1101 3801 1218 3867 ecclesia,

53 3889 166 3958 longius
177 3885 340 3962 precederet,
351 3887 461 3943 alterum
472 3885 545 3940 netas
556 3885 661 3940 iuterim
673 3883 816 3948 commisit,
828 3887 854 3936 et
863 3882 972 3936 subinde
984 3883 1121 3938 declararit
1133 3885 1218 3954 (κατη-

54 3975 167 4046 γόρησιν
177 3971 220 4028 eal
232 3972 411 4042 κιιημήνυσιν,
423 3977 452 4024 nt
460 3969 541 4025 habet
552 3969 737 4038 sozomenus),
752 3984 805 4022 nou
816 3968 904 4038 utique
916 3968 1062 4040 propalam,
1073 3985 1121 4022 nec
1132 3969 1160 4022 in
1171 3987 1218 4042 pu·

51 4061 127 4116 blico
147 4061 291 4122 taurento,
308 4057 354 4112 aed
370 4055 505 4128 privatim,
524 4061 551 4108 et
570 4069 658 4108 coram
675 4052 873 4124 poenitentiario
893 4051 1038 4118 sacerdote,
1055 4053 1124 4123 apud
1141 4071 1219 4124 qoem

51 4141 203 4204 identidem
214 4147 320 4212 peccate
330 4141 481 4212 deponeret,
497 4145 543 4194 aut
559 4139 638 4198 etiam
652 4138 716 4192 eitra
733 4141 922 4192 sacramentum
933 4153 993 4192 cnm
1005 4154 1036 4192 eo
1048 4145 1094 4191 aut
1104 4139 1154 4193 alio
1167 4139 1218 4194 col·

50 4230 180 4304 bqnsns
215 4225 321 4290 Quam
334 4225 444 4298 deniquo
453 4225 555 4296 potine,
572 4239 651 4294 quem
666 4228 695 4276 ut
709 4223 839 4294 publicam
855 4221 888 4274 ed
899 4221 1088 4281 confessionem
1099 4224 1218 4280 adactam

51 4313 206 4376 dixerim
218 4317 265 4369 aut
274 4311 409 4371 mulierem
417 4311 510 4374 iatam,
522 4309 661 4365 antulium
673 4308 777 4366 omnino
789 4307 945 4362 mortalium.
978 4307 1034 4365 Hoc
1050 4307 1128 4379 igitur
1145 4327 1161 4363 a
1176 4327 1217 4366 sa-

51 4399 179 4464 eandm.
195 4396 230 4458 ab
240 4397 370 4462 sumna,
385 4395 503 4466 apennia
515 4393 624 4464 deniqne
634 4391 735 4464 flagitio
747 4399 889 4466 comperto,
907 4391 1039 4464 depositus
1055 4400 1095 4447 eet
1109 4395 1153 4449 ille
1164 4396 1217 4450 dia·

50 4499 160 4546 cunm,
171 4497 205 4534 ex
217 4497 268 4552 quo
280 4481 406 4552 paulatim
416 4467 625 4550 percrebeecaute
634 4477 705 4531 lama
716 4493 771 4532 rem
782 4477 953 4530 subodoratus
965 4483 1005 4530 est
1014 4479 1134 4550 populus.
1151 4481 1219 4558 ilino

49 4572 116 4626 fflns
129 4569 273 4636 hermae
306 4566 425 4631 bientim,
441 4565 493 4618 uiai
503 4562 640 4618 manifeste
651 4563 674 4616 is
685 4564 755 4634 ipse,
772 4562 846 4616 cuius
857 4562 994 4616 autoritate
1004 4566 1128 4632 nituntur,
1139 4565 1218 4622 Seso-

977 4664 1018 4720 Ο*
