3126 5046
1214 307 1267 368 clo

102 468 284 540 presbyterum
294 468 400 538 reperit,
413 483 491 538 quern
503 468 537 522 ob
549 468 694 538 praelatum
706 467 757 520 sibi
770 467 917 522 Cornelium
928 483 1026 538 papam
1043 465 1101 520 odio
1118 467 1268 537 invidiaque

100 551 258 624 flagrantem
274 553 497 618 animadvertens,
522 553 720 606 comanunicstis
741 570 800 606 cnm
819 569 849 606 eo
868 553 997 617 consiliis,
1019 552 1089 606 aliud
1107 558 1133 605 et
1150 569 1166 605 a
1182 553 1267 622 priore

100 639 179 708 longe
196 637 329 692 diversum
346 637 461 692 schisma
477 639 597 693 condidit
631 637 690 692 Non
706 639 777 692 enim
792 639 926 708 lapsorum
942 644 972 692 ut
987 654 1108 690 caussam
1124 639 1268 708 susciperet·

101 741 198 794 eosque
210 725 404 794 quamprimum
415 725 474 794 paci
486 732 513 776 et
523 724 649 778 eeclesiae
661 724 821 788 restitueret,
834 740 850 775 a
860 723 971 776 Cornelii
980 723 1161 778 ccmnrunione
1171 723 1267 776 disces·

100 810 147 876 sit,
159 809 206 864 sed
219 827 232 862 e
245 811 375 864 contrario
388 809 457 879 quod
469 810 577 862 nimiam
589 810 644 862 eius
657 810 684 862 in
696 809 747 862 illis
755 809 953 862 reconciliandis
962 809 1113 862 facilitatem
1122 809 1266 868 lenitatem-

100 913 149 966 que
159 895 303 950 mutuaret·
321 893 363 948 Sic
375 893 669 964 igitnrliovatianorurn
679 900 751 947 secta
760 895 793 948 ab
803 895 931 948 ambobus
941 895 992 948 illis
1001 893 1267 964 autoribusprclacta,

100 981 270 1050 apostoricre
282 981 448 1050 praesertim,
459 979 507 1033 boc
519 987 558 1034 est
569 979 727 1044 Noratiano,
740 995 865 1049 magnum
878 980 1066 1034 incrementum
1080 980 1187 1048 accepit
1216 979 1267 1032 Sed

102 1065 208 1130 (irasci,
225 1067 262 1120 uli
274 1066 341 1130 dixi,
359 1072 445 1135 patres
458 1081 541 1118 unum
553 1065 681 1120 duntaxat
692 1073 778 1118 sectae
790 1065 950 1120 conditorem
962 1066 1112 1129 nominant,
1128 1064 1267 1130 Nouatum,

99 1152 154 1206 aive
166 1151 288 1221 Νσυᾶτον,
299 1151 448 1206 &manum
459 1151 652 1221 presbyterum,
665 1151 884 1221 quemadmodum
896 1151 990 1206 Euseb.
1002 1153 1060 1206 l.u1.
1073 1151 1138 1204 llist.
1150 1166 1266 1215 cmxxv,

99 1236 285 1302 Tbeodosetua,
297 1235 389 1307 Epipb.
399 1235 447 1290 boc
459 1237 529 1302 loeo,
543 1237 685 1306 Gregorius
694 1237 826 1302 Noniano„
838 1236 955 1306 adeoque
965 1235 1092 1300 Socrates,
1105 1235 1266 1290 Novatisnua

100 1331 125 1376 et
136 1323 206 1392 ipss,
218 1327 244 1374 el
256 1323 403 1392 complures
415 1321 467 1376 alii.
492 1321 547 1375 Imc
560 1323 638 1376 etiarn
650 1339 664 1374 e
676 1321 776 1376 Latinis
786 1323 896 1390 August.
909 1322 953 1374 lib.
967 1321 997 1374 de
1009 1321 1094 1386 Haer,
1105 1319 1266 1386 Philaslrius,

99 1409 189 1464 Ambr.
202 1409 229 1462 iu
238 1407 288 1462 ul.
300 1407 331 1460 de
339 1407 419 1462 Poen.
438 1407 582 1478 Distinguit
593 1413 680 1462 autem
692 1407 839 1478 Cyprianus
850 1408 949 1477 passim
961 1407 987 1462 iu
1000 1406 1081 1477 Epist.
1094 1413 1120 1458 et
1130 1405 1266 1472 Pacianus,

99 1509 129 1546 ac
140 1493 229 1548 Latini
241 1509 345 1558 omnes,
358 1493 403 1562 qui
415 1491 507 1546 dehac
519 1492 621 1546 haeresi
632 1493 754 1546 subtilius
767 1493 938 1563 disputarunt

164 1579 222 1631 lam
234 1577 373 1631 Noratiaui
385 1577 482 1647 dogma
494 1578 570 1647 quale
582 1578 659 1630 fuerit
670 1577 831 1647 Epiphanius
848 1578 937 1630 statim
954 1577 1028 1630 initio
1044 1575 1158 1629 haeresis
1175 1577 1266 1646 aperit,

99 1665 221 1718 nimirum
234 1663 419 1734 pronunciasse
431 1664 517 1734 ipsum
529 1663 627 1717 nullam
639 1663 731 1716 salutis
742 1680 816 1733 spem
832 1679 970 1732 superesse
985 1662 1080 1732 lapsis,
1098 1662 1167 1730 quod
1183 1677 1265 1714 unum

99 1751 228 1804 duntaxat
238 1755 308 1802 esset
318 1749 494 1818 poenitentiae
506 1764 590 1818 genus
602 1749 629 1800 in
641 1747 781 1818 baptismo.
816 1746 890 1810 Quod
904 1747 941 1800 ita
951 1745 1128 1800 Theodoretus
1141 1747 1265 1816 concipit:

100 1835 133 1904 pq*
144 1837 235 1905 χρῆναι
246 1833 303 1894 τους
315 1832 460 1903 decapitatus
472 1833 593 1902 sumplus
605 1835 696 1902 τυχεῖν.
721 1833 817 1886 Verum
829 1849 883 1886 non
899 1848 930 1885 ea
945 1832 1085 1886 Noratiani
1102 1831 1190 1902 opinio
1207 1831 1265 1895 tuit,

99 1937 143 1974 ecs
156 1920 202 1990 qui
213 1919 341 1990 manera
352 1919 453 1989 peccati
464 1935 562 1972 noxam
574 1917 768 1984 contraherent,
780 1919 814 1970 ab
826 1918 899 1972 omni
910 1935 956 1988 spe
966 1916 1163 1986 consequendae
1173 1916 1265 1970 salutis

99 2005 210 2060 excludi.
245 2003 313 2058 Nam
325 2005 420 2058 atilios
432 2004 465 2058 sd
477 2003 664 2074 capessendam
675 2003 861 2074 poeniteutiam
871 2001 968 2058 hortari
979 2003 1111 2068 solebant,
1123 2008 1150 2055 et
1160 2007 1190 2054 ul
1201 2001 1265 2054 divi·

99 2107 160 2144 nam
172 2090 338 2144 clementiam
349 2090 472 2159 lacrymis
485 2105 515 2142 ac
527 2089 647 2144 sordibus
659 2089 781 2142 elicerent
792 2089 932 2142 identidem
944 2087 1126 2142 admonebant.
1150 2086 1202 2140 Sed
1216 2086 1265 2141 hoc

99 2193 180 2230 uuum
192 2176 336 2245 negabant,
347 2175 381 2228 ad
393 2176 522 2230 ecclesiae
530 2192 560 2228 ac
572 2174 686 2228 fidelium
699 2175 911 2228 communionem
922 2174 1003 2244 recipi
1013 2173 1125 2244 amplius
1138 2179 1264 2244 oportere,

98 2278 184 2332 neque
196 2276 276 2332 penes
289 2261 425 2314 ecclesiam
437 2260 620 2314 reconciliandi
631 2261 672 2313 ius
684 2260 766 2312 ullum
779 2277 809 2312 ac
825 2265 980 2330 potestatem
995 2275 1060 2314 esse.
1096 2257 1196 2329 Quippe
1208 2259 1265 2312 uni·

99 2363 156 2400 cam
164 2347 239 2402 illam
246 2351 411 2416 peccatorum
421 2345 611 2416 indulgentiam
620 2346 647 2398 in
656 2345 726 2398 illins
736 2345 842 2398 arbitrio
852 2345 962 2410 versari,
975 2360 1041 2414 quae
1050 2361 1096 2414 per
1106 2344 1265 2414 baptismum

99 2433 238 2486 obtinetur.
261 2431 383 2486 Declarat
394 2431 458 2485 baec
470 2431 590 2484 Socrates
601 2431 647 2484 lib.
656 2449 691 2485 ru.
703 2447 759 2502 cap.
771 2449 828 2484 xm.
854 2430 994 2501 Scripsisse
1006 2430 1125 2484 videlicet
1135 2429 1265 2483 Nouatum

98 2521 151 2578 ταῖς
163 2521 293 2587 πανταχοῦ
306 2515 457 2584 ἐκκλησίαις,
471 2515 503 2586 μὴ
517 2515 630 2586 δέχεσθαι
642 2516 698 2577 τοὺς
711 2513 923 2576 introduxissetis
936 2514 966 2568 τὰ
979 2516 1111 2584 μυστήρια,
1127 2512 1192 2567 ἀλλὰ
1204 2533 1265 2584 προ·

99 2603 193 2674 τρέπειν
206 2601 249 2672 μὲν
261 2600 350 2664 αὐτοὺς
363 2599 393 2662 εἰς
407 2599 542 2672 μετάνοιαν,
555 2599 598 2668 τὴν
611 2600 638 2654 δὲ
650 2600 807 2672 συγχώρησιν
824 2598 956 2671 ἐπιτρέπειν
975 2599 1023 2670 θεῷ
1034 2604 1072 2669 τῷ
1085 2598 1212 2668 δυναμένῳ
1225 2599 1265 2650 nal

99 2686 209 2750 ἐξουσίαν
221 2684 303 2758 ἔχοντι
315 2689 452 2757 συγχωρεῖν
465 2685 637 2758 ἁμαρτήματα.
664 2686 716 2740 Sed
728 2692 754 2738 et
765 2685 919 2738 Ambrosius
931 2687 948 2740 l.
957 2704 975 2738 n
988 2685 1019 2738 de
1030 2684 1193 2738 Poeniteutia
1204 2699 1225 2736 c.
1237 2701 1264 2737 u.

99 2791 158 2830 cum
169 2774 207 2828 ito
218 2773 278 2826 illos
289 2773 434 2842 redarguit:
455 2773 525 2834 Quid
533 2782 615 2826 cutem
625 2773 726 2835 dumus,
738 2789 813 2840 mom
825 2780 852 2822 ut
860 2772 1177 2840 indicoatpoenilentiam‚
1190 2786 1264 2838 quum

99 2879 148 2915 aon
160 2860 287 2922 relucent,
300 2876 356 2912 cum
365 2862 447 2927 ulique
456 2862 556 2910 nesciam
566 2859 681 2926 negando
689 2860 841 2908 incentivum
851 2857 1166 2924 uaseronlpoenitenta'cei
1183 2853 1264 2906 Nemo

99 2951 164 2998 enirn
171 2955 256 3015 potest
267 2943 327 2998 deae
339 2963 417 3011 opere
426 2946 618 3012 poenitientiam,
632 2945 682 2994 uici
692 2946 736 3010 qui
746 2945 891 3011 speraverit
901 2941 1092 3009 indulpsatium.
1120 2939 1191 2992 Haec
1203 2939 1264 2991 Am·

99 3031 210 3086 orosius.
246 3028 296 3094 Qui
312 3030 389 3100 paulo
405 3034 466 3098 post
482 3027 686 3082 Noratianorum
704 3026 822 3080 doctores
840 3027 888 3090 ait,
907 3030 991 3078 omnio
1002 3023 1264 3095 peccotoStoicorum

97 3119 206 3186 quodum
215 3116 400 3184 morepara'lns
409 3117 557 3166 aestimasse
567 3117 699 3176 mensuras,
712 3111 761 3166 hoc
772 3117 823 3178 ost,
835 3116 864 3165 ut
873 3112 992 3182 sequenti
1000 3111 1085 3182 capite
1094 3109 1180 3175 docet,
1192 3109 1263 3163 nullo

98 3203 238 3256 criminum
249 3200 350 3254 delectu
362 3199 451 3254 habito
465 3199 586 3254 omuibus
598 3215 632 3252 ex
644 3213 727 3268 aequo
739 3199 842 3252 ueniam
853 3213 978 3267 negasse,
990 3199 1078 3267 itaque
1090 3197 1203 3250 sensisse
1212 3195 1264 3248 No·
1291 3215 1312 3256 p.
1320 3203 1365 3246 lat.

96 3295 198 3342 ratum.
233 3285 372 3357 Perpetem
384 3285 466 3350 enim,
478 3289 507 3338 ut
518 3284 681 3350 monuimus,
696 3283 826 3338 Nouatum
838 3301 884 3354 pro
896 3283 1042 3337 Noratiano
1054 3283 1121 3336 solet
1130 3298 1265 3352 usurpare,

97 3391 159 3426 cnm
175 3371 240 3436 boc,
257 3371 327 3442 quod
343 3372 400 3442 ipse
418 3375 518 3436 narrat,
534 3369 680 3424 Novaliano
694 3369 781 3440 potius
795 3375 934 3438 congruat,
952 3369 997 3438 qui
1014 3367 1116 3436 Stoicae
1132 3373 1217 3422 sectae
1234 3381 1264 3419 ac

96 3457 278 3530 philosophiae
290 3473 348 3510 sese
360 3455 499 3510 dediderat.
517 3453 701 3508 truncationi
712 3445 831 3526 inagistri
842 3455 883 3508 aui
895 3456 1018 3508 acerbum
1030 3455 1108 3508 nimis
1120 3459 1264 3506 austerum-

97 3561 149 3614 que
159 3543 293 3598 dooretum
306 3559 337 3596 ea
347 3541 523 3596 moderatione
537 3545 726 3610 temperarunt,
742 3546 772 3593 nt
789 3540 952 3610 grauioubus
969 3539 1098 3592 duntaxat
1113 3537 1264 3591 criminibus

96 3631 204 3684 reniam
214 3635 355 3700 negarent,
371 3627 511 3680 levioribus
528 3625 677 3680 tribuerent.
714 3625 757 3678 Sic
770 3626 839 3678 enim
851 3625 1016 3678 Arnbrosius:
1040 3623 1092 3677 Sed
1103 3628 1176 3676 oleat
1185 3641 1211 3674 ae
1223 3641 1264 3674 es·

96 3720 179 3786 ceptis
188 3713 353 3782 grauioribus
365 3712 512 3766 criminibus
523 3713 644 3764 relaxare
655 3715 754 3764 ueniam
766 3711 909 3762 lenioribus.
945 3711 1004 3763 Noa
1018 3710 1066 3762 boc
1080 3711 1177 3778 paidom
1190 3717 1264 3761 autor

95 3803 286 3854 cmmemores
296 3799 426 3860 Necatus,
443 3801 486 3866 poi
498 3800 778 3866 rreminipoenilentiam
790 3797 904 3848 dandum
911 3799 1027 3865 putonii,
1044 3814 1076 3848 ea
1091 3796 1191 3847 scilicet
1206 3810 1264 3844 con·

96 3887 273 3956 temptatione,
286 3893 314 3936 ut
324 3885 392 3953 pund
402 3887 456 3952 ipsc
468 3901 516 3934 nors
524 3891 610 3952 posset
619 3883 727 3945 uolnere,
740 3883 908 3948 conligeret,
925 3900 955 3932 ne
972 3883 1077 3950 ligando
1092 3882 1197 3948 sperari
1208 3898 1225 3930 a
1237 3897 1263 3930 sc

88 3978 199 4043 jaceret
208 3972 361 4024 solutionem.
396 3969 428 4020 Iu
440 3985 468 4020 so
480 3971 560 4036 igitur
569 3977 670 4038 putrem
682 3975 789 4018 oestrum
799 3969 910 4036 proprio
923 3967 1053 4018 domitatis
1067 3967 1204 4026 sententio,
1222 3967 1265 4032 qai

96 4061 287 4112 distinctionem
294 4056 574 4125 peccotcrmnsoca'tr's,
591 4070 655 4120 quae
666 4053 786 4104 soluenda
800 4071 816 4104 n
828 4051 898 4104 aiom's
910 4069 962 4103 case
969 4053 1076 4120 patetis,
1094 4058 1120 4102 et
1134 4066 1198 4118 quac
1209 4051 1263 4100 nece

95 4144 210 4196 cumdio
221 4158 274 4194 ease
287 4141 453 4192 arbitrena'aa'.
488 4137 573 4206 Atque
585 4143 614 4190 ut
624 4137 729 4207 propius
741 4136 774 4189 ad
786 4152 817 4189 ea
829 4135 984 4206 disputanda
994 4135 1141 4199 veniamus,
1153 4149 1263 4203 qnorum

94 4243 194 4282 cauma
209 4225 315 4295 longius
332 4225 360 4278 in
377 4223 426 4278 hac
443 4223 555 4276 diatriba
571 4221 707 4292 procedere
725 4223 876 4288 statuimus,
895 4221 1029 4274 sciendum
1046 4225 1087 4272 eat
1101 4235 1155 4272 non
1165 4236 1211 4289 pro
1224 4236 1262 4283 ec,

95 4311 170 4382 qnod
187 4313 275 4382 lapsos
292 4311 326 4364 ad
341 4309 552 4364 communionem
569 4312 595 4360 et
612 4307 813 4361 ecclesiasticam
831 4323 922 4378 pacem
939 4305 1113 4360 admittendos
1129 4309 1264 4376 negarent,

92 4397 231 4452 Nouatum
242 4404 268 4448 et
278 4395 454 4450 Noratiannm
465 4392 608 4446 baeredcos
624 4390 728 4446 habitos
745 4399 823 4463 atque
840 4393 872 4445 ab
887 4392 996 4446 ecclesis
1012 4389 1139 4444 catholica
1154 4391 1262 4460 proscri-

94 4488 159 4553 ptos
170 4481 266 4546 tuisse,
278 4480 324 4534 sed
336 4479 405 4550 quod
416 4479 518 4532 nullum
529 4477 562 4530 ad
574 4493 619 4530 eos
630 4477 834 4532 reconciliandos
846 4477 1067 4548 condonandaque
1079 4476 1172 4530 delicta
1183 4477 1223 4528 ina
1235 4476 1263 4528 in

94 4567 213 4624 ecclesia
223 4582 280 4620 esse
291 4565 430 4637 perfidiose
441 4579 471 4618 ac
484 4563 620 4618 crudeliter
636 4567 821 4618 msererarout.
855 4561 942 4629 Quod,
958 4563 1077 4634 inquam,
1093 4562 1219 4627 clavium,
1234 4565 1264 4614 ut
