3126 5046
509 538 554 592 Ao
572 538 745 594 EAEEESiIi
760 539 854 596 LXIII.

162 637 193 694 N.
212 656 229 693 ι.
247 637 641 711 innumerosissimae]
675 643 780 702 Hieron.
797 643 825 698 in
841 641 911 698 iiufl'.
928 643 1003 713 Apol.
1019 661 1037 697 1.
1061 643 1114 696 Pro
1125 646 1264 698 eruditione

96 744 145 794 qno
155 726 239 795 police
250 736 276 778 et
285 727 396 794 inclytus
408 725 541 794 ονντᾶιινης
553 733 581 780 iu
592 731 720 782 occidente
732 731 860 782 loedoria.

344 879 389 932 ΑΙ)
407 879 580 936 IIAEIIESIII
596 881 698 949 LXIV,
720 881 1014 938 ORIGENIANOEUM.

162 981 318 1036 ProxImum
334 981 500 1053 origenianis
516 987 567 1046 τοῖς
583 981 753 1056 οθοχροποιοθς
770 987 857 1040 locum
873 985 1037 1055 orIgenistae
1055 985 1106 1040 sibi
1118 984 1264 1052 vendicant,

97 1067 131 1120 ab
145 1065 253 1137 origiue
264 1068 308 1124 illo
321 1068 391 1122 dicti.
420 1068 501 1122 onius
513 1086 612 1124 erroms
625 1071 803 1141 copiosissime
814 1071 957 1126 insectatur
969 1069 1138 1141 Epiphanius.
1166 1071 1266 1126 Horum

95 1153 167 1208 enim
178 1167 241 1223 prae
253 1154 363 1208 caeteris
374 1155 528 1210 scemenum
540 1171 600 1210 sese
610 1154 713 1210 hostem
723 1163 847 1226 perpetuo
860 1155 992 1226 protessus
1005 1162 1058 1222 eat,
1074 1173 1122 1210 nec
1140 1155 1267 1214 dubitavit

96 1237 263 1294 vehementes
278 1239 312 1293 ob
328 1239 354 1292 id
370 1255 431 1294 cnm
447 1241 578 1312 plerisque
594 1241 776 1297 altereationes
795 1243 941 1315 suscipere,
959 1241 1077 1296 adiutore
1095 1259 1159 1296 usus
1175 1243 1265 1298 Hiero-

96 1337 178 1392 nymo
189 1339 221 1379 ac
229 1321 385 1396 Theophile,
397 1341 427 1378 ec
438 1326 576 1396 praecipue
588 1326 713 1382 Ioannem
723 1327 989 1397 hierosolymitanum
1001 1333 1027 1380 et
1037 1327 1172 1384 liuifinum
1184 1329 1266 1397 egita-

97 1407 140 1462 vu.
170 1407 224 1462 Sed
240 1415 266 1462 et
283 1425 336 1464 una
352 1410 398 1467 Illa
415 1426 510 1466 caussa
525 1411 587 1476 init,
606 1428 652 1466 eur
668 1410 881 1482 sobrysostomo
899 1412 1059 1478 matutine,
1077 1413 1187 1484 quodie
1205 1419 1266 1468 ante

48 1505 59 1532 ·
96 1493 227 1562 generalia
239 1493 333 1564 synodi
345 1493 475 1550 decretum
487 1495 610 1552 damnare
627 1498 709 1552 nohet
721 1497 869 1567 origenem.
894 1498 958 1552 Vide
975 1514 1042 1568 quae
1058 1497 1163 1554 ilieron.
1177 1505 1267 1554 contre
1291 1505 1365 1560 naec

96 1577 247 1645 Rudinum,
262 1579 388 1636 ioannem
404 1579 669 1651 Hierosolymitanum
687 1584 803 1653 scripsit,
821 1599 868 1636 nec
884 1599 937 1638 non
955 1589 981 1636 et
997 1583 1144 1650 Socratem,
1162 1583 1265 1639 Sozom.

96 1662 206 1736 Nieeph.

164 1748 197 1806 li.
209 1769 227 1806 r.
251 1747 294 1802 Ἐν
305 1752 404 1823 χρόνοις
417 1751 502 1806 Διαίου
513 1757 557 1806 τοῦ
570 1752 711 1822 pectitur]
734 1753 807 1808 leit
823 1754 927 1823 quidem
939 1753 1066 1824 ortgenes
1083 1760 1202 1808 extrema
1211 1757 1266 1810 iam

99 1842 185 1890 aetate
197 1837 247 1890 sub
258 1835 348 1903 Decio,
360 1847 387 1892 et
398 1837 431 1892 ud
444 1837 548 1894 osium
560 1855 590 1892 ac
601 1839 772 1895 Volusianum
784 1855 867 1910 usque
878 1840 1004 1909 peruenit.
1025 1839 1077 1894 Sed
1090 1856 1135 1894 cur
1145 1837 1265 1896 docmate

97 1927 144 1975 ant
154 1921 284 1976 minoren
294 1922 377 1978 iubae
392 1923 442 1978 sub
459 1924 504 1978 illc
521 1925 608 1994 potina
625 1940 706 1994 quam
723 1925 772 1978 sub
789 1925 932 1978 interiectis
949 1925 1149 1995 imperatoribus
1164 1925 1266 1992 dinarii,

98 2008 163 2062 eatis
175 2008 264 2062 mhmi
275 2025 327 2062 non
339 2025 456 2080 possum.
480 2007 547 2062 Nam
559 2026 576 2064 a
587 2008 676 2064 Severi
688 2009 850 2080 temporibus
862 2009 982 2080 deinceps
994 2025 1098 2066 summa
1110 2011 1137 2066 iu
1149 2012 1267 2066 omnium

98 2091 269 2150 comumnes
280 2093 337 2148 luit
372 2093 443 2164 Lege
454 2086 561 2150 Eusehii
571 2095 699 2163 Historiae
713 2095 808 2160 lib.v1.,
820 2096 866 2149 ubi
878 2093 998 2165 origenis
1009 2111 1051 2148 res
1062 2102 1150 2165 gestas
1162 2111 1267 2150 accura-

97 2179 200 2234 tissime
210 2179 368 2250 peracrIpeIt
386 2179 505 2234 IurenIee
514 2197 567 2248 pou
576 2180 654 2236 modo
664 2181 733 2251 apud
743 2179 917 2245 Christianos,
928 2180 974 2234 sed
986 2187 1011 2234 et
1020 2181 1089 2252 spui
1098 2182 1266 2252 Imperatores

98 2264 171 2334 ipsos
183 2263 323 2334 plurimum
338 2265 427 2334 gratia
443 2269 469 2320 et
485 2265 707 2320 commendatione
718 2267 840 2320 valuisse.
868 2265 936 2320 iiam
952 2273 978 2320 et
993 2267 1168 2320 ahiemmaea
1178 2268 1267 2322 Antio·

98 2348 186 2404 chiam
194 2349 292 2404 sesima
300 2348 402 2416 dicitnr,
414 2355 440 2402 et
448 2349 482 2402 ad
489 2349 637 2421 Philippum
646 2351 753 2421 eiusque
763 2353 903 2421 coniugem
911 2352 1000 2406 literas
1010 2351 1089 2408 dedit.
1108 2351 1175 2416 Quid
1186 2353 1268 2423 Igitur

98 2434 242 2500 adimebat,
253 2435 409 2492 nominetim
421 2434 506 2502 Decii,
524 2442 551 2489 et
566 2436 671 2506 quidem
683 2439 760 2492 unius
772 2437 931 2492 mentionem
942 2437 1045 2492 iacere?
1080 2437 1147 2502 Quin
1163 2443 1190 2490 et
1205 2438 1268 2492 thud

98 2525 182 2590 suget
198 2517 410 2586 admissionem,
426 2520 496 2590 quod
512 2521 558 2578 lib.
572 2521 603 2574 de
614 2521 694 2576 Poud.
707 2528 735 2576 st
748 2523 831 2576 hiens.
843 2537 904 2592 psg.
916 2523 972 2576 174.
988 2523 1091 2592 scripsit
1108 2521 1267 2592 Epiphanius

99 2603 242 2676 Origenes
252 2606 286 2660 eb
298 2605 462 2676 imperatoris
473 2605 547 2660 Decii
564 2611 680 2677 tempore
697 2607 730 2660 ad
743 2605 848 2662 Gallum
865 2613 891 2659 et
907 2607 1079 2660 Volusianum
1097 2613 1123 2660 et
1138 2607 1204 2660 ultra
1219 2605 1267 2662 do·

97 2692 194 2746 muse.
215 2692 291 2746 Anno
303 2691 393 2746 Severi
404 2691 504 2748 decime
516 2691 643 2748 Leonides
656 2691 776 2762 origenis
787 2697 861 2762 pater
875 2692 1028 2759 martyrium
1045 2692 1123 2755 obitt,
1139 2707 1200 2746 oum
1212 2691 1266 2746 ori·

97 2792 181 2846 genes
194 2794 241 2832 arr.
252 2778 344 2833 uude
361 2777 460 2848 egebat
474 2793 588 2843 uuum,
605 2783 635 2830 nt
651 2783 726 2830 sutor
743 2783 783 2830 eat
797 2775 925 2830 Eusebius
937 2776 981 2830 lib.
992 2795 1026 2830 ιι.
1038 2792 1094 2846 cap.
1104 2794 1132 2830 ιι.
1166 2776 1227 2832 Euit
1243 2779 1266 2832 is

97 2879 186 2918 mua
202 2861 297 2918 Christi
312 2863 415 2919 circiter
426 2877 491 2920 ocu.
523 2861 590 2916 Num
608 2861 719 2916 Severus
736 2877 806 2916 anno
822 2862 876 2914 iere
893 2875 986 2916 cxcuut.
1002 2861 1140 2931 imperium
1157 2878 1267 2916 exorsus

98 2954 149 3002 est.
179 2947 236 3004 Hoc
246 2949 270 3004 ai
281 2948 318 3002 iu
329 2953 383 3014 eet,
397 2954 475 3004 natue
486 2949 536 3002 erit
547 2947 657 3018 origues
669 2963 738 3002 auno
750 2945 846 3003 Christi
857 2961 982 3002 ccxxxvi.
1008 2947 1080 3000 Viuit
1091 2951 1179 3002 autem
1191 2949 1267 3002 annia

97 3049 184 3097 carm,
200 3038 231 3088 ut
240 3033 309 3088 idem
320 3033 365 3088 lib.
374 3051 420 3090 nm
432 3049 489 3104 cap.
497 3051 516 3090 1.
529 3037 647 3090 testetur·
679 3033 764 3098 Quare
775 3033 884 3088 moritur
896 3049 966 3086 enno
978 3047 1075 3098 conen,
1086 3032 1129 3086 vel
1139 3035 1266 3102 munuc,

98 3135 153 3188 quo
166 3117 259 3172 Gallus
274 3117 465 3175 etllolusiauus
481 3119 631 3189 iuterempti
649 3125 718 3172 sunt.
752 3117 808 3172 lam
826 3117 898 3172 Decii
914 3119 1013 3188 primus
1030 3133 1115 3170 annus
1132 3117 1267 3174 inciditis

98 3203 198 3260 cumei
210 3219 290 3269 ocur,
302 3221 354 3274 quo
370 3204 475 3274 quidem
492 3202 617 3274 origenes
634 3221 705 3258 exve.
722 3221 822 3264 anuum
839 3203 969 3272 attigerat.
1003 3201 1062 3256 Nou
1073 3202 1155 3272 igitur
1171 3203 1205 3256 ab
1221 3203 1266 3256 illo

97 3289 207 3346 &mum
218 3296 334 3360 tempore
345 3287 505 3360 γνωρίζεσθαι
515 3290 557 3342 vel
569 3285 682 3360 ispiciens
694 3292 787 3360 eoepit
814 3288 941 3359 Equidem
953 3303 1043 3342 vereor
1058 3304 1092 3340 ue
1107 3285 1150 3342 hic
1162 3305 1267 3360 quoque

96 3374 276 3434 hallucinatus
287 3373 447 3445 EpIphauius
459 3373 569 3430 Decium
579 3392 627 3446 pro
639 3373 735 3430 Severo
746 3375 894 3444 sumpserit.
918 3372 984 3426 Nam
996 3373 1024 3428 in
1035 3371 1101 3426 libro
1114 3372 1145 3426 de
1156 3373 1266 3430 Ponder.

97 3467 129 3516 st
138 3460 225 3520 Meua.
237 3465 377 3531 postquam
388 3461 506 3531 iustgnm
518 3461 618 3532 aliquot
628 3466 768 3529 martyrm,
786 3460 830 3530 qui
841 3459 890 3514 sub
902 3457 982 3514 Docto
993 3458 1066 3528 paesi
1076 3458 1192 3524 Inerant,
1209 3475 1266 3530 per-

97 3547 218 3612 timuit,
228 3546 310 3602 'uiuit'
320 3541 462 3616 Babyloni,
472 3545 630 3611 Fabianum,
642 3543 829 3610 Alexandrum,
842 3543 960 3608 subiicIt,
973 3542 1014 3596 etei
1022 3541 1096 3604 αι’ντθς
1106 3543 1132 3596 δὲ
1141 3541 1265 3614 Ὦριγθνης

97 3631 188 3684 πολλὰ
200 3629 326 3692 πεπονθὼς
338 3629 370 3692 εἰς
381 3630 452 3692 τέλος
463 3635 507 3684 τοῦ
520 3630 651 3702 μαρτυρίου
669 3629 714 3682 οὐκ
731 3627 841 3699 ἔφθασεν.
865 3628 933 3682 'ium
950 3629 1076 3698 rehquam
1092 3630 1266 3684 narrationem

95 3717 221 3773 subtexit
231 3716 263 3772 de
278 3715 437 3787 proiectione
451 3716 481 3770 in
497 3715 685 3780 Palaestinam,
703 3715 785 3784 deque
801 3731 886 3768 savin
898 3729 1027 3768 annornm
1041 3731 1147 3768 secemu
1162 3715 1190 3768 in
1202 3714 1266 3768 urbe

96 3803 187 3872 Tyro,
202 3817 270 3872 quae
286 3800 407 3856 hocloco
424 3801 530 3856 uberius
547 3802 691 3869 exequitur.
725 3800 805 3869 etqui
820 3798 884 3852 haec
896 3799 939 3852 din
951 3805 1010 3852 cute
1022 3798 1130 3854 Decium
1141 3799 1265 3854 accidisse

96 3903 211 3952 uocem
222 3892 270 3944 est
294 3885 401 3940 Videtur
413 3901 475 3955 ergo
487 3902 533 3956 pro
546 3884 641 3940 Severo
652 3884 809 3955 Imprudenti
820 3883 967 3953 obrepsisse
978 3883 1082 3938 Decius.

171 3969 247 4044 Τάχα
258 3971 285 4024 ii
296 3968 320 4024 ie
332 3969 463 4040 ’hidensi
495 3970 525 4024 Si
540 3970 567 4024 id
579 3985 667 4024 verum
684 3975 737 4035 est,
753 3968 881 4024 ditem
895 3967 963 4024 hanc
978 3969 1012 4022 sb
1023 3969 1068 4022 illa
1079 3968 1265 4039 protectionem

94 4064 208 4132 eportet
220 4057 304 4114 inim
319 4057 394 4112 culus
409 4057 529 4112 meminit
542 4055 671 4112 Eusebius
685 4055 729 4108 lib.
739 4071 775 4108 ur.
787 4069 843 4125 cap.
853 4071 916 4111 xvu.
929 4069 982 4124 qua
997 4053 1046 4108 sub
1057 4053 1205 4108 Alexandro
1216 4055 1265 4110 inn-

94 4151 225 4216 peratore
241 4141 297 4196 iam
313 4147 398 4196 aetate
415 4146 442 4196 et
458 4141 602 4196 eruditione
619 4140 736 4194 minatus
749 4138 875 4209 OrIgenee
892 4140 920 4193 in
933 4137 1069 4196 Graeciam
1086 4156 1101 4192 e
1117 4139 1265 4196 Palaestine

92 4228 228 4302 perrexit.
262 4225 410 4291 Quosdam
421 4230 510 4280 murat
519 4223 588 4280 idem
600 4241 655 4296 cap.
664 4243 726 4278 xxv.
737 4223 845 4280 Athenis
857 4224 1055 4280 commentarios
1066 4225 1094 4278 iu
1105 4223 1265 4280 Ezechielem

92 4316 179 4372 ilhm
189 4311 342 4368 ahsolvmae.

173 4397 220 4452 inl
231 4397 279 4468 γὰρ
291 4401 370 4469 καιρῷ
385 4399 465 4464 ποτα]
499 4394 608 4462 Quando
622 4395 674 4450 ista
689 4397 845 4468 contigerint
858 4395 962 4450 nonnul
977 4395 1126 4450 conlectura
1141 4398 1265 4468 consequi

91 4499 257 4559 mutue.
280 4481 351 4547 Quae
362 4483 413 4538 nisi
424 4498 467 4536 me
477 4481 556 4548 tellit,
572 4481 621 4536 sub
634 4480 730 4538 Severo
740 4481 803 4536 hece
815 4497 908 4552 passm
920 4485 959 4534 est
971 4480 1096 4552 Origenes
1108 4481 1191 4536 adhuc
1203 4482 1264 4538 ado·

88 4575 216 4628 lucens.
238 4566 303 4626 Vide
313 4565 420 4624 Eusebii
430 4585 486 4641 cap.
498 4586 538 4626 m.
571 4569 657 4639 Atque
672 4569 763 4624 iccirco
780 4567 885 4638 quidem
896 4582 912 4620 a
922 4567 1063 4637 gentilibus
1075 4567 1196 4624 adrasum
1207 4583 1265 4622 esse

156 4671 223 4724 corp.
231 4672 402 4714 tiaereaectlll.
1043 4669 1064 4724 P
