3138 5044
305 301 352 357 ΟΧ

304 456 429 512 damona.
450 455 499 512 Hic
511 454 636 510 astUrbis
648 471 733 510 annus
744 470 859 522 acoris,
875 471 927 527 quo
938 453 1145 510 Alexandrinum
1160 454 1259 510 ballum
1275 458 1409 526 patratum
1420 457 1467 518 ast,

303 549 333 596 nt
344 560 377 596 ex
389 541 498 614 Iosepho
510 541 649 612 colligitur.

370 627 468 682 Eodem
479 644 561 692 anno,
573 632 603 680 ut
613 626 739 698 Iosephus
750 641 807 698 cap.
818 645 882 681 rrrr.
894 627 996 693 scribit,
1009 627 1145 698 Antipater
1152 625 1309 680 Phsssilum
1320 625 1468 694 Hierosoly·

270 711 273 718 ’
303 715 353 768 nris
368 713 498 784 praeficit,
509 713 604 766 Herodi
617 712 761 768 Galilaeam
772 713 923 778 committit,
934 712 982 782 νίῳ
995 711 1147 766 παντάπασιν
1160 707 1218 764 ὄντι·
1232 709 1259 766 ια’
1272 711 1320 784 γὰρ
1332 711 1405 782 αὐτῷ
1417 710 1468 780 ἐγε-

304 801 370 870 γόνει
382 800 447 870 μόνα
458 795 508 864 ἔτη.
528 797 697 854 Manifestum
708 800 736 852 in
747 815 856 852 numero
868 797 992 852 mendum
1003 803 1056 864 est,
1068 800 1138 868 quod
1150 798 1256 852 eruditis
1267 798 1330 852 riris
1342 797 1468 860 suboluit,

304 891 331 937 et
342 881 377 936 ιε’
390 901 437 955 pro
454 881 480 936 ιε’
497 884 669 938 scribendum.
704 884 778 938 Certe
794 901 853 937 cum
869 889 929 937 ante
946 900 1045 938 annum
1063 883 1139 938 Urbis
1151 899 1242 940 ncxcr.
1257 888 1351 938 uatum
1367 887 1469 936 constet

303 969 445 1036 Herodem,
462 986 531 1024 auno
548 971 593 1024 illo
606 986 708 1026 ocovrr.
726 970 856 1024 decimum
874 975 994 1024 octavum
1011 971 1105 1024 saltem
1122 971 1253 1041 attigerat.
1275 969 1310 1022 At
1320 983 1385 1022 vero
1402 983 1468 1038 quse

304 1061 359 1110 toto
370 1056 414 1110 illo
427 1073 490 1112 nvn.
508 1057 591 1126 capite
606 1057 640 1109 ab
656 1055 756 1110 IIerode
773 1061 850 1126 gesta
865 1061 1049 1120 memorantur,
1066 1072 1120 1110 uon
1136 1071 1245 1127 puerum
1261 1053 1407 1118 Herodem,
1424 1051 1468 1106 aed

259 1182 260 1188 ι
303 1141 423 1194 iuvenem
440 1139 573 1198 exhibent.
607 1141 698 1212 Neque
715 1141 823 1195 dubium
841 1147 891 1207 est,
910 1142 972 1211 quin
989 1157 1043 1194 vox
1059 1141 1114 1194 vico
1131 1141 1232 1195 virilem
1248 1141 1328 1194 etism
1345 1143 1468 1202 ιαίαίοια,

303 1227 386 1281 multo
398 1227 484 1298 magis
496 1228 656 1281 iuventutem
668 1227 807 1296 significet.
831 1225 888 1291 Qua
899 1227 998 1282 ratione
1010 1225 1106 1280 Saulus
1117 1227 1174 1280 Act.
1183 1243 1230 1282 ιιι.
1241 1225 1333 1286 νεανίας
1345 1231 1469 1290 vocatur3

304 1329 357 1366 nou
370 1313 439 1382 quod
450 1313 605 1367 vocabulum
617 1313 687 1366 istud
698 1312 812 1366 ferocem
829 1327 860 1366 eo
876 1313 937 1366 Ioco
951 1319 979 1366 et
994 1313 1119 1370 audacem
1137 1313 1257 1367 declaret
1289 1311 1382 1382 Priget
1398 1311 1469 1364 enirn

304 1397 368 1451 baec
378 1399 567 1469 interpretatio.
591 1397 693 1469 Qqupe
704 1398 765 1452 licet
775 1398 868 1459 νεανίας
879 1397 1009 1452 interdum
1021 1415 1052 1453 ea
1066 1399 1172 1452 notione
1188 1403 1313 1463 sumatur,
1329 1411 1469 1466 nunquam

304 1489 392 1536 tamen
405 1485 460 1538 sice
472 1484 635 1538 substantivo
648 1485 749 1554 aliquo,
766 1493 829 1554 puts
842 1479 928 1554 ἄνδρας
939 1485 980 1537 rel
992 1483 1070 1555 λόγου
1092 1489 1141 1538 etc.
1172 1484 1249 1555 Apud
1259 1483 1359 1538 Lucam
1371 1487 1468 1546 autem

304 1569 350 1622 ubi
366 1570 485 1624 absolute
501 1571 606 1641 ponitur
622 1569 735 1640 idipsum
753 1568 878 1640 estquod
894 1570 1021 1640 interpres
1038 1574 1126 1624 noster
1147 1569 1288 1640 expressit,
1308 1570 1466 1622 adolescens.

303 1655 380 1726 Apud
392 1655 562 1710 Censorinum
572 1656 652 1709 Varro
665 1655 849 1726 quadrifariam
861 1653 974 1708 bominis
986 1659 1097 1710 aetatem
1108 1655 1227 1726 partitur,
1242 1659 1269 1708 et
1281 1654 1425 1725 pueritiam
1436 1651 1468 1707 ad

304 1757 402 1796 annum
414 1759 470 1806 ια,
482 1740 542 1796 inda
554 1741 587 1794 ad
599 1757 660 1794 xxx.
672 1740 874 1794 adolescentiam
885 1740 982 1794 delinit.

370 1827 433 1880 Post
449 1825 514 1880 baec
531 1843 549 1880 a
564 1827 646 1880 Sexto
664 1825 774 1880 Uaeaare
790 1825 953 1896 GoelcsprIae
970 1827 1119 1898 praeficitur
1134 1826 1260 1892 Herodes,
1277 1825 1371 1880 eodm
1389 1843 1467 1880 mc.

304 1912 386 1966 Uredo
399 1911 547 1982 quindecim
562 1927 690 1966 annorum
704 1928 815 1982 puerum
825 1911 959 1966 Romanus
971 1913 1113 1983 Imperator
1124 1912 1262 1984 στρατηγὸν
1273 1911 1384 1966 tacent:
1402 1917 1467 1974 esto,

305 1998 332 2052 id
343 1998 467 2068 inpriore
479 1997 600 2067 exemplo
612 2001 720 2072 paterno
732 1998 815 2068 possit
827 1997 910 2050 amori
920 1998 1149 2070 indulgentiaeque
1160 1998 1247 2052 tribui.
1270 1997 1376 2062 lterum,
1388 2003 1420 2050 ut
1431 2013 1467 2050 re

303 2083 355 2138 tert
365 2099 420 2154 cap.
431 2101 501 2148 ιιι.,
513 2099 529 2135 a
541 2081 622 2136 Bruto
634 2087 660 2138 et
671 2082 761 2136 Uaasio
774 2083 890 2136 eiusdem
902 2082 1066 2154 erlesyriae
1078 2081 1215 2154 στρατηγὸς
1227 2089 1330 2138 creatus
1341 2088 1396 2148 est,
1409 2099 1468 2136 curn

303 2167 447 2234 mandatis,
458 2173 488 2222 ut
499 2168 642 2222 exercitum
654 2167 776 2222 adversm
787 2170 936 2239 Augustum
948 2174 974 2222 et
985 2169 1127 2222 Antonium
1139 2169 1323 2234 conscriberet,
1338 2168 1412 2222 iacta
1423 2186 1467 2239 po·

304 2253 388 2306 liundi
404 2254 481 2324 regni
496 2270 542 2325 spe
553 2259 614 2325 post
624 2253 790 2328 impetratam
800 2255 945 2309 rIctoriam.
969 2253 1026 2318 Quo
1038 2259 1154 2324 tempora
1165 2253 1284 2309 Mslcbus
1296 2255 1382 2308 Arabs
1394 2255 1467 2308 Anti·

304 2345 407 2410 patrem
419 2355 519 2392 veneno
534 2339 649 2404 necarit,
666 2338 777 2410 ideoque
794 2339 900 2394 iubente
917 2339 1007 2394 Usssio
1024 2339 1143 2394 Malchus
1160 2340 1194 2394 ab
1211 2340 1312 2394 Herode
1329 2345 1373 2393 est
1389 2341 1467 2394 inter-

303 2424 395 2480 iectus.
419 2423 573 2494 Gongmunt
583 2423 646 2478 baec
661 2440 730 2478 anno
742 2423 819 2479 Urbis
831 2441 947 2490 cccxxx,
964 2425 1063 2482 iuliano
1081 2431 1182 2496 quarto.
1204 2425 1355 2480 Secundum
1370 2424 1466 2494 Philip

303 2527 411 2582 pensem
422 2526 538 2582 pugnam
550 2511 678 2564 Antonius
689 2511 717 2564 iu
729 2509 832 2580 Syriam
843 2511 974 2581 proiectus
985 2509 1140 2564 Phasaelum
1151 2517 1178 2564 et
1185 2510 1312 2564 Herodem
1323 2509 1467 2566 tetrmchm

303 2597 451 2663 constituit,
468 2595 508 2648 sai
524 2597 574 2648 τῶν
585 2593 711 2648 Ἰουδαίων
729 2595 813 2657 αὐτοῖς
828 2593 947 2666 Crispina
958 2593 1100 2668 πράγματα.
1124 2595 1249 2668 Iosephus
1260 2598 1278 2651 l.
1287 2615 1341 2653 m.
1354 2612 1379 2650 c.
1388 2612 1464 2651 xnrr.

302 2683 402 2738 Accidit
412 2681 461 2736 hoc
473 2699 543 2736 anno
555 2681 632 2736 Urbis
645 2697 771 2748 accam,
783 2682 885 2736 Iuliano
897 2701 921 2736 ι.

369 2769 433 2823 Post
444 2784 505 2822 cum
514 2767 602 2821 Parthi
613 2767 773 2838 Antigonum
785 2767 927 2821 Aristobuii
938 2766 967 2820 P.
978 2767 1007 2820 in
1018 2783 1129 2837 regnum
1145 2768 1333 2833 restituissent,
1348 2767 1465 2822 Herodes

302 2854 335 2908 ab
346 2854 378 2908 iis
390 2855 481 2926 pulsae
492 2853 605 2908 Romam
616 2852 649 2906 ad
657 2853 800 2908 Antonium
811 2858 837 2906 et
846 2852 984 2906 Gessacem
995 2853 1125 2924 confugit,
1137 2869 1153 2906 a
1165 2853 1259 2923 quibua
1270 2851 1465 2924 perhumaniter

303 2945 427 3011 exceptus
445 2945 471 2994 et
487 2940 591 2996 senatui
607 2939 760 2992 conciliatus
774 2954 885 3008 regnum
897 2939 1010 2992 obtinuit
1020 2955 1054 2992 ex
1066 2937 1094 2990 S.
1104 2938 1147 3004 U.,
1165 2937 1318 3010 Olympiade
1330 2954 1464 3003 οιιιιιι,

303 3024 417 3078 Domitio
429 3024 536 3078 Calvino
547 3043 577 3078 rr.
589 3029 616 3078 et
626 3024 716 3077 Asinio
727 3024 844 3078 Pollione
856 3039 937 3089 cosa,
949 3039 1017 3078 anno
1030 3023 1106 3078 Urbis
1116 3039 1233 3090 nccxrr,
1245 3025 1345 3078 Iuliano
1354 3041 1400 3090 rr,
1411 3041 1463 3094 quo

303 3109 380 3162 desiit
391 3109 552 3180 Olympiadis
565 3125 689 3164 ccxxxrr.
701 3123 786 3163 annua
797 3128 833 3164 ιι.
845 3115 871 3162 et
882 3109 1017 3180 Olympias
1029 3123 1142 3164 ccxxxv.
1155 3111 1247 3180 coepit.
1270 3109 1354 3166 coms
1372 3111 1400 3163 in
1416 3109 1464 3162 Ps-

303 3195 441 3248 laeatinam
452 3211 570 3250 seramus
581 3194 696 3248 Herodes
707 3211 767 3248 cam
778 3195 910 3264 Antigono
922 3195 1022 3248 bellum
1030 3196 1126 3264 gessit,
1142 3194 1225 3249 donec
1236 3195 1374 3250 adiurante
1386 3195 1463 3248 Sosio

217 3333 222 3344 ,
243 3301 255 3344 2
272 3331 278 3344 ,
303 3281 451 3350 osptaurbs
463 3285 515 3345 est,
531 3279 714 3350 etAntigouus
726 3281 839 3346 occisus,
855 3296 924 3334 anno
942 3280 1089 3347 sabbatico,
1103 3281 1220 3351 Agrippa
1230 3288 1256 3334 et
1267 3279 1375 3335 Uenidio
1388 3280 1464 3335 Gallo

302 3381 369 3420 cose.
382 3365 527 3436 olympiad.
540 3381 668 3430 curru,
683 3381 773 3420 meuse
784 3367 872 3431 tertio,
890 3370 918 3436 τῇ
931 3363 1002 3437 ίορίῇ
1015 3369 1056 3432 τῆς
1068 3366 1184 3432 νηστείας.
1211 3367 1260 3420 illc
1270 3373 1310 3420 est
1320 3381 1405 3420 mnus
1417 3365 1464 3419 Ur·

304 3451 344 3504 bis
357 3466 490 3516 accurri,
505 3451 620 3504 Iulianus
633 3469 682 3516 rx.,
696 3451 798 3523 Olymp.
812 3467 925 3506 ccxxxv.
938 3467 1023 3504 annus
1035 3469 1073 3506 ιιι.
1086 3451 1206 3506 desinens
1217 3457 1244 3505 et
1255 3452 1341 3506 Inieua
1352 3469 1403 3516 ru,
1419 3467 1463 3522 pe·

303 3536 370 3590 riodi
381 3535 496 3589 Iulianae
507 3536 591 3606 4677,
605 3553 656 3606 quo
668 3538 788 3591 currebat
798 3537 959 3602 sabbaticus,
969 3537 1044 3606 cyclo
1056 3537 1134 3591 lunae
1145 3537 1169 3590 3.
1181 3537 1230 3590 Dio
1242 3553 1303 3591 raro
1314 3525 1461 3591 tibro'rcsx.

302 3621 482 3691 Hierosolyma
494 3627 570 3692 capta
581 3639 638 3675 esse
655 3623 744 3678 scribit
755 3639 824 3676 suno
836 3622 1015 3687 antecedente,
1034 3622 1141 3677 Ulaudio
1153 3628 1180 3676 et
1190 3622 1312 3679 Norbano
1324 3638 1405 3688 cosa,
1422 3622 1462 3675 In·

301 3709 371 3762 liano
384 3725 440 3764 vm.
466 3707 517 3779 Sed
529 3707 655 3761 sabbatici
666 3709 729 3762 anni
740 3707 873 3762 character
884 3707 993 3779 Iosepho
1006 3707 1170 3780 suffragatur.

369 3793 496 3865 Deinceps
513 3793 613 3864 aliquot
628 3793 736 3848 Herodis
753 3794 815 3848 anui
831 3795 988 3848 uomicatim
1005 3809 1022 3846 a
1037 3793 1147 3865 Iosepho
1166 3794 1353 3864 concipiuntur.
1376 3793 1462 3848 Veluti

301 3879 346 3933 lib.
358 3897 416 3945 xr.,
429 3895 485 3950 cap.
495 3896 541 3932 ιιι.
552 3895 637 3933 annus
648 3879 748 3933 Actiaci
759 3880 863 3950 praelii,
876 3880 921 3950 qui
933 3885 974 3934 eat
983 3878 1099 3934 lulianus
1111 3897 1168 3945 xv.‚
1179 3879 1287 3934 Herodis
1299 3879 1375 3950 regni
1385 3879 1462 3950 septi-

301 3981 360 4018 mus
371 3971 487 4020 vocatur.
510 3963 576 4018 Item
586 3965 632 4020 lib.
643 3983 685 4018 xv.
698 3981 754 4036 cap.
763 3983 810 4020 ιιι.
822 3966 921 4019 mendo
932 3964 963 4018 fit
974 3966 1037 4020 anni
1045 3983 1102 4020 xrn.
1113 3965 1235 4031 Herodis,
1248 3981 1326 4036 quem
1336 3965 1463 4036 Κυρίνιον

302 4065 400 4104 mnam
410 4051 493 4105 inisse
504 4051 598 4122 probat
607 4049 737 4106 Iulianum
746 4067 813 4114 ιιι,
825 4049 900 4104 Urbis
912 4067 1040 4106 cccxxix.
1064 4051 1098 4104 At
1108 4067 1165 4122 cap.
1176 4069 1246 4117 ιιι,
1257 4051 1463 4121 decimiaaptimi.

302 4134 343 4187 vol
354 4135 545 4201 decimioctari,
560 4136 693 4201 meminit,
710 4137 754 4202 τῆς
771 4133 846 4187 αὐτοῦ
863 4135 984 4204 βασιλείας
1000 4133 1032 4198 ιζ’
1045 4136 1209 4207 παρελθόντος
1225 4132 1306 4206 ἔτους,
1324 4136 1350 4189 id
1367 4141 1409 4189 eat
1424 4137 1463 4190 iu·

302 4217 394 4274 choato
405 4239 480 4278 xsrn.
515 4219 572 4286 Quo
588 4219 693 4292 quidem
705 4221 833 4275 zenodori
847 4222 1013 4276 tetrarchiam
1029 4228 1122 4278 nactus
1139 4228 1188 4278 est.
1221 4222 1297 4293 Apud
1308 4221 1420 4276 Dionem
1437 4221 1463 4274 id

302 4303 395 4358 accidit
405 4321 472 4360 cosa.
481 4307 590 4378 Apuleio
602 4312 629 4360 et
637 4305 714 4372 Silio,
726 4305 803 4360 Urbis
811 4297 971 4374 ποιων),
987 4308 1169 4362 lalisiones.
1179 4307 1304 4379 Keplerus
1314 4307 1343 4360 iu
1353 4307 1463 4361 Herodis

303 4405 402 4442 annuns
414 4405 477 4445 xrsr.
489 4391 602 4458 contest,
618 4391 728 4463 ideoque
743 4397 803 4446 aute
813 4391 909 4458 liisau,
926 4393 994 4448 undo
1005 4393 1114 4448 Ilarodis
1131 4409 1213 4448 annos
1225 4391 1363 4464 Iosephum
1375 4394 1463 4464 suspi-

302 4475 356 4528 cari
367 4481 449 4544 putat.
473 4475 547 4540 Quod
557 4477 621 4532 nihil
633 4483 673 4532 eet
683 4493 798 4533 neom.
821 4476 889 4532 Nam
905 4478 1070 4549 παρελθόντος
1087 4483 1132 4532 τοῦ
1149 4476 1216 4540 ἔτους
1235 4477 1264 4540 rt*
1277 4479 1382 4549 scripsit
1393 4479 1462 4532 Iose-

302 4558 382 4630 phua;
393 4559 517 4614 nimirum
529 4576 597 4615 auno
608 4563 666 4632 Ipso
678 4581 752 4620 ινιιι.
779 4562 876 4618 Eodem
888 4579 958 4618 auno
969 4581 1044 4622 ιιιιι.
1055 4565 1104 4636 (sit
1115 4563 1241 4635 Iosephus
1252 4579 1308 4636 cap.
1319 4565 1387 4634 xrs.)
1397 4569 1460 4622 tour·
