3126 5046
333 289 401 348 0οΧ

332 463 395 502 rere.
414 446 446 499 Io
457 446 619 516 pronioribus
630 447 694 498 ecies
706 443 851 498 crimirrtbne
861 447 936 499 cessei
947 455 1053 510 mom,
1066 447 1106 499 eei
1115 463 1178 500 raro
1185 449 1357 517 messae
1368 449 1479 500 omnedi-

332 541 373 585 tur
383 534 459 586 toccu.
479 530 600 602 Quisquis
611 531 692 600 igitur
701 531 793 602 prioris
804 529 907 600 generis
919 532 1015 586 crimen
1027 531 1131 602 nliqnod
1141 537 1328 602 perpetrasset,
1339 531 1382 586 blo
1393 531 1427 585 sd
1437 547 1480 585 sn·

331 617 438 671 tistitem
450 631 481 670 sc
493 615 652 670 secerdotem
663 615 789 670 eoeedem
799 615 918 686 publicse
929 617 963 669 sb
974 632 1005 670 ec
1017 617 1190 688 poenitentioe
1205 617 1247 670 ius
1263 615 1395 688 oepiebst,
1411 631 1480 688 pree

332 703 423 756 stituto
436 719 470 756 ex
482 701 625 756 canonibus
633 701 710 754 modo
722 717 752 754 ec
766 707 952 772 temporeque
965 701 1070 756 dentum
1084 702 1187 772 expleto
1198 703 1338 772 spectetis
1351 701 1481 756 ebsclutus

332 788 507 841 communioni
521 787 712 851 restituobstur,
728 801 812 856 neque
826 785 878 840 elis
893 787 1007 852 reticue,
1022 803 1100 858 quem
1114 787 1216 858 publice
1231 787 1304 841 obite
1315 787 1481 858 poenitentis,

331 873 491 926 reconcilieri
502 877 611 943 poteret;
632 871 701 941 quod
717 869 825 926 infinitis
835 871 899 926 locis
911 887 971 926 ousn
983 871 1030 926 PP.
1042 873 1149 936 meteri,
1160 877 1216 926 tum
1224 870 1482 942 cyprinum-eviden-

332 958 432 1010 tissime
444 957 563 1013 declsret.
596 957 712 1010 Aliorum
727 971 819 1010 esum
831 963 886 1010 eret
892 957 1055 1028 explicatior,
1070 971 1180 1028 qnorum
1195 957 1279 1010 letalis
1293 957 1395 1028 nlioqul
1409 957 1482 1028 culpe

333 1043 406 1096 nulls
417 1058 545 1097 cononum
556 1041 705 1096 delinitione
717 1039 981 1112 comprehenderetur,
996 1041 1106 1113 ideoque
1116 1043 1217 1112 priests
1232 1043 1393 1112 poenitemis
1408 1043 1482 1096 une-

330 1127 472 1194 ieciebent,
490 1143 568 1198 quem
581 1127 720 1180 sacerdotis
733 1127 868 1197 prudmtie
878 1127 1067 1182 moderebetnr.
1101 1129 1139 1181 Ao
1155 1127 1252 1198 priores
1266 1127 1306 1180 illi
1321 1128 1482 1198 poenitentes

330 1213 432 1284 proprie
444 1213 602 1268 dioebsntur.
637 1211 780 1266 Concilium
792 1211 945 1266 Toleteuum
956 1231 974 1268 r.
992 1211 1054 1267 Oen.
1066 1231 1095 1267 rr.
1111 1213 1273 1282 poenitentes
1288 1213 1316 1266 iu
1331 1212 1431 1266 eleum
1442 1229 1482 1266 co-

330 1299 414 1370 optsri
425 1297 551 1370 prohibet.
585 1297 652 1351 Tum
663 1297 714 1350 iste
725 1297 842 1351 subiicit:
865 1297 931 1350 Eum
942 1315 1001 1351 oct-c
1010 1303 1176 1368 poenitentem
1186 1300 1308 1362 Meos,
1319 1301 1363 1366 pei
1369 1307 1432 1368 post
1440 1299 1482 1350 bu·

325 1388 444 1454 pticssnm
462 1395 507 1438 cut
518 1401 569 1454 pro
587 1383 732 1448 homicidio,
750 1391 795 1435 oct
806 1399 856 1454 pro
874 1384 981 1436 dicerent
998 1383 1144 1436 csisss'nibse
1152 1386 1358 1452 provesiniepoe
1365 1387 1483 1453 pennoso

329 1470 457 1540 publicam
465 1472 645 1540 poenitentiam
654 1485 745 1535 perses
755 1468 799 1520 cub
812 1469 908 1532 cilicio,
921 1471 1096 1536 dioioosuem't
1104 1469 1283 1522 reconciliatus
1293 1469 1399 1521 ciendo.
1422 1467 1483 1522 cue

329 1559 414 1608 terum
425 1561 485 1625 poet
495 1553 626 1625 publicem
637 1553 709 1606 illem
720 1553 917 1622 poenitentium,
933 1553 956 1606 si
971 1551 1063 1606 iisdem
1073 1569 1102 1606 se
1113 1551 1264 1606 criminibus
1276 1553 1482 1618 obstrinxissent,

331 1641 364 1694 sb
376 1640 498 1694 ecclesiae
509 1639 581 1693 editu
593 1643 619 1691 et
629 1655 646 1690 e
656 1638 838 1707 mysteriorum
847 1637 1028 1692 commuuione
1036 1638 1138 1708 penitus
1148 1637 1248 1692 exclusi
1257 1638 1420 1692 roconorl'nri
1427 1655 1482 1692 em·

330 1726 398 1796 plius
410 1741 462 1778 nou
473 1729 605 1794 poterent;
620 1723 689 1794 quod
700 1723 827 1793 imprimis
839 1723 1000 1792 Augustinus
1011 1722 1132 1776 diruet
1167 1722 1321 1793 Quenqunrn
1331 1722 1389 1778 lieri
1399 1729 1484 1794 potest

330 1815 360 1864 ut
376 1811 403 1864 ln
421 1809 574 1880 quibusdem
592 1809 706 1862 ecclesiis
723 1807 908 1878 poenitentibus
925 1807 1016 1862 iterere
1032 1807 1145 1872 licuerit;
1162 1823 1221 1862 curn
1236 1807 1263 1861 id
1277 1823 1351 1873 reso,
1366 1808 1483 1880 soleque

330 1909 518 1964 nonnunquem
530 1893 586 1948 lleri
597 1895 693 1948 scribet
704 1892 839 1963 Origenes.
865 1891 954 1964 Neque
965 1891 1063 1946 veroid
1074 1897 1120 1945 eut
1130 1892 1293 1959 incredibile,
1303 1899 1352 1947 eut
1360 1893 1426 1948 odeo
1438 1894 1483 1947 mi·

332 1981 412 2035 rebile
423 1979 503 2032 rideri
514 1995 562 2050 per
573 1985 625 2044 eet,
642 1979 665 2032 ei
678 1980 735 2048 quis
747 1979 834 2032 enimc
846 1984 946 2049 repetet
955 1985 1053 2048 qusnts
1063 1978 1090 2030 iu
1102 1978 1238 2049 plerunque
1249 1985 1399 2048 peccetoses
1409 1995 1484 2033 certo

330 2081 394 2120 uum
406 2065 543 2118 austeritas
555 2069 581 2116 et
591 2064 736 2118 constantie
747 2063 835 2129 tuerit,
847 2068 878 2116 ut
888 2063 933 2134 qui
944 2063 1024 2116 semel
1035 2062 1161 2116 duutsxet
1171 2063 1291 2134 graviore
1301 2062 1405 2134 degitis
1415 2081 1483 2118 com·

330 2150 458 2214 misisset,
469 2149 655 2219 inexpiabilem
665 2165 763 2202 uorem
775 2147 950 2214 coutreberet,
965 2153 1012 2200 eut
1022 2148 1089 2202 inter
1099 2148 1259 2218 poenitentes
1270 2147 1376 2202 sssidue
1384 2150 1483 2222 degens

330 2236 444 2289 insteutt
461 2234 563 2287 demum
577 2234 652 2287 obitu
667 2249 758 2304 pecenn
773 2234 922 2304 perciperet
956 2231 990 2286 Ut
1004 2231 1146 2287 homicidae
1156 2235 1185 2288 in
1196 2235 1332 2304 meyero
1344 2233 1410 2289 θαι
1420 2253 1483 2300 xxx,

331 2319 426 2374 Gbrieti
436 2325 574 2390 nege-tores
585 2320 613 2372 iu
625 2317 761 2372 Besilieuis
774 2317 922 2372 Genourbus
940 2317 1003 2372 Gen.
1014 2336 1101 2384 uxo,
1116 2320 1219 2390 alisque
1234 2319 1260 2374 id
1276 2335 1374 2390 genus,
1386 2327 1438 2374 ene
1452 2321 1483 2373 ile

331 2407 410 2460 etiem
421 2405 550 2458 severiore
561 2419 627 2474 queo
639 2417 671 2456 ex
683 2404 808 2474 superiori
826 2403 998 2474 disputstione
1014 2403 1065 2458 buc
1077 2405 1347 2476 tosusienitpeesunt
1381 2405 1484 2460 scuit

332 2490 400 2562 qood
412 2497 529 2544 extremo
538 2490 606 2544 vitee
616 2496 732 2560 tempore
743 2490 924 2544 commuuione
934 2488 1022 2544 deusti
1031 2489 1484 2562 euntnpreeeerttmposettteemun

331 2592 456 2630 cunonem
467 2575 576 2640 edtum‚
588 2591 639 2645 quo
651 2575 810 2628 moribundis
821 2575 912 2646 osgeri
922 2575 1046 2628 rieticum
1056 2573 1200 2645 probibuit,
1216 2575 1484 2646 ptolemeum

330 2677 388 2716 rum
400 2661 519 2732 ddnmps
531 2661 649 2714 obtinuit.

398 2747 524 2811 Quoniem
536 2745 695 2800 Notstisuee
711 2743 825 2799 haeresis
841 2745 1037 2816 cognoscendee
1053 2744 1364 2816 etudiemetergumeuti
1374 2745 1482 2800 dnlcsdc
1561 2735 1562 2744 ¹

332 2833 458 2904 queedsm
469 2849 500 2886 eo
511 2849 559 2886 uos
575 2831 706 2902 prorexit,
723 2836 753 2884 ut
768 2830 799 2884 de
815 2829 974 2900 poenitentis
990 2837 1044 2884 tem
1060 2831 1143 2884 multo
1159 2831 1237 2884 verbe
1251 2830 1483 2904 isocremusmo-

331 2918 446 2974 ducende
454 2919 587 2989 peululum
598 2917 678 2971 cretio
688 2923 740 2980 est,
750 2931 780 2968 ec
793 2915 823 2968 de
835 2915 1000 2968 celeberrimo
1012 2916 1057 2969 illo
1065 2914 1175 2968 Necteeii
1185 2915 1266 2980 iacto,
1279 2931 1331 2986 quo
1343 2917 1483 2971 oendoesio-

331 3021 392 3056 nem
403 3019 433 3056 sc
450 3003 635 3074 poenitentiam
651 3001 792 3072 ebrogeese
807 3001 917 3054 iectstur
933 3001 966 3053 eb
980 2999 1128 3065 beereticis,
1144 3007 1274 3070 postremo
1289 3000 1483 3072 diannhm.
1560 3057 1561 3070 ,

332 3088 412 3142 Guius
428 3086 549 3140 historice
565 3087 683 3140 tractetio
700 3085 733 3138 sd
750 3101 782 3139 ee
799 3101 864 3155 quse
880 3086 998 3156 superins
1015 3086 1183 3157 exposuimus
1193 3086 1347 3140 illustrende
1357 3103 1484 3160 msprsum
1560 3111 1561 3161 p

332 3173 510 3228 adiumentum
521 3171 621 3238 efferet,
632 3187 666 3225 ne
677 3171 719 3225 cui
729 3171 840 3224 nimium
850 3169 913 3224 beec
923 3170 1009 3224 eliens
1019 3186 1050 3224 ec
1060 3171 1204 3241 longinque
1214 3170 1280 3225 iorte
1291 3169 1437 3230 ridesutur.

300 3424 306 3438 .
382 3377 426 3432 DE
442 3375 653 3431 menoclem
670 3373 826 3430 Nllil'l'llllll
843 3371 1232 3430 constentinotomsttt
1246 3371 1433 3432 mittentis

426 3461 595 3527 inuictum
612 3461 655 3514 itt
673 3459 790 3514 Utttmt
807 3459 881 3514 lLLli
899 3459 1155 3515 OONFESSIONEM
1170 3457 1388 3516 sustulisti.

399 3597 468 3652 Nihil
479 3598 512 3651 sd
523 3597 672 3651 elsrnndem
681 3596 850 3650 confessionis
858 3597 1024 3651 eutoritetem
1033 3598 1119 3668 urgeri
1128 3597 1160 3651 eb
1167 3595 1304 3652 bserebcis
1313 3599 1401 3652 serim
1407 3599 1482 3664 solet,
1558 3641 1559 3680 ἦ

333 3699 411 3756 quem
422 3682 533 3736 Necterii
543 3683 643 3736 lucinus
654 3682 717 3736 illud
729 3681 798 3752 quod
811 3681 881 3751 spud
892 3679 1025 3736 Secretem
1041 3689 1067 3735 ot
1078 3681 1251 3736 Soxomensm
1266 3683 1408 3737 memoriae
1423 3701 1482 3755 pro·

333 3771 414 3825 ditum
431 3775 484 3832 eet,
501 3783 551 3838 quo
568 3768 612 3821 ills
628 3775 731 3838 propter
747 3767 882 3836 rotgerum
898 3766 999 3822 deceni
1013 3765 1144 3838 flagitium
1158 3767 1330 3822 wnieeeiceis
1346 3784 1378 3822 ec
1393 3771 1482 3840 poeni-

333 3855 428 3910 tentioe
439 3869 516 3908 neum
527 3853 666 3923 ebrogssse
677 3852 765 3906 iertur.
799 3849 848 3905 Cui
863 3851 966 3922 quidem
982 3853 1098 3922 plerique
1112 3851 1175 3906 dum
1192 3867 1323 3906 coemere
1336 3868 1367 3907 sc
1379 3855 1482 3908 reriteti

332 3939 487 4012 petrociueri
497 3938 613 4002 student,
628 3939 656 3990 iu
670 3937 794 3990 obsurdes
805 3942 832 3988 et
841 3935 1031 3990 inextricabiles
1043 3937 1144 3991 iebules
1155 3942 1230 3990 sestu
1241 3937 1355 4006 modern
1366 3938 1481 4010 ἅψει-

333 4026 411 4080 tionis
423 4025 520 4095 ebrepti
531 4029 599 4102 suut.
633 4021 768 4076 Nonnullis
784 4021 862 4075 etiem
878 4019 1025 4076 Cassiodori
1039 4028 1117 4093 etque
1134 4022 1262 4076 ffieenee
1272 4021 1426 4093 Tsipestitee
1434 4025 1480 4078 ule-

334 4117 455 4180 prsretue
471 4109 541 4162 locus
562 4107 653 4162 erroris
676 4107 838 4160 occasionem
853 4105 936 4171 dedit,
952 4105 1015 4162 dum
1032 4123 1065 4160 ex
1081 4107 1178 4160 Letinls
1194 4107 1377 4176 interpretibus
1386 4111 1480 4180 petius

335 4209 412 4262 quem
422 4211 457 4247 ex
468 4193 569 4248 Grescis
578 4193 692 4246 lontibus
701 4191 873 4246 secretionem
882 4191 960 4246 istem
970 4197 1097 4263 repetunt
1114 4190 1234 4262 Utrisque
1242 4207 1315 4260 rere,
1325 4191 1371 4247 sed
1383 4197 1480 4248 nostris
1556 4215 1557 4250 5

334 4279 508 4346 potissimum,
520 4277 652 4332 consulere
663 4275 712 4328 boo
723 4277 806 4346 cepite
817 4276 983 4332 decrevimus.
1017 4276 1083 4330 Nem
1095 4276 1164 4347 quod
1175 4275 1207 4330 sd
1217 4275 1360 4332 beneficos
1371 4287 1479 4350 spectat,

333 4360 361 4414 id
372 4377 426 4426 me,
441 4362 488 4416 deo
499 4364 615 4426 invente,
631 4361 803 4433 perfecturum
813 4361 929 4426 confido,
944 4367 974 4414 ut
989 4363 1181 4416 inscitieesuee
1192 4361 1381 4418 monimentum
1391 4365 1418 4418 iu
1427 4363 1478 4418 bne

335 4445 477 4500 obiiciendo
490 4449 564 4502 nobis
585 4446 691 4502 historie
705 4445 825 4500 defixisse
840 4447 925 4518 potius
941 4462 1020 4517 quem
1036 4455 1196 4503 momentum
1211 4446 1292 4502 ullust
1306 4448 1342 4502 ed
1359 4465 1477 4504 messem

335 4545 411 4584 nuens
422 4529 984 4602 ettulissesequlomnesetiniquiststuent

1550 4829 1555 5002 l
