3186 5042
342 259 383 321 72
671 267 852 320 smnotttt
869 266 905 320 ΙΝ
923 265 1076 320 ΒΡΙΡΗΑΝ.
1094 267 1169 320 tan.

341 395 470 444 llernann.
488 389 521 442 ad
533 389 616 458 Viger.
636 405 659 456 p.
672 392 729 439 708.
747 387 851 440 Solutee
869 387 989 439 untionis
1007 387 1120 458 exempla
1138 385 1264 440 dederuut
1280 389 1384 440 Alaenoi.
1401 386 1416 438 l.
1427 405 1445 437 c.
1460 396 1483 437 et

342 479 413 528 Lect.
433 477 554 528 Aristaeo.
574 478 666 544 ρ.200.
701 477 802 526 Ltt'sner.
820 473 854 524 ad
869 477 997 527 ltnoltan.
1014 473 1055 527 ed.
1074 473 1184 526 irminolt.
1203 476 1235 526 T.
1247 477 1279 525 ll.
1296 491 1319 542 p.
1329 477 1386 525 881.
1414 475 1483 523 Walt-

342 566 405 629 8878.
423 561 483 612 silv.
508 561 568 612 erit.
595 564 636 612 tv.
657 563 715 611 180.
739 579 763 627 p.
779 563 835 610 104.
850 577 888 628 sq.
931 563 1020 612 lauolt.
1045 559 1077 610 etl
1104 559 1197 611 Aelian.
1222 559 1287 612 llist.
1313 559 1391 612 Anisa.
1414 577 1436 626 p.
1450 561 1484 608 00.

342 649 454 702 rrum
474 637 576 709 Quiaen.
594 645 696 700 Lucian.
715 663 740 714 p.
753 649 809 697 100.
828 663 866 714 sq.

411 733 438 784 Ρ.
456 735 506 782 088
525 733 612 800 (728).
646 727 913 798 contumuletur
992 729 1050 784 καί
1075 729 1222 798 ίξιιίθη]
1248 731 1288 782 Ne
1306 729 1360 800 quis
1376 731 1424 782 hoe
1439 729 1485 781 locu

343 817 461 885 ἐξεώσθη
480 835 527 885 pro
545 814 645 885 ἰξειιίθη
663 828 689 868 et
706 817 732 868 iu
749 833 818 885 seqq.
837 814 932 879 ἐξῶσαι
948 833 996 884 pro
1014 813 1122 880 ίξειόσσι
1144 815 1277 884 legendum
1296 816 1424 878 coniiuist,
1445 814 1486 865 rid.

344 913 430 956 aanor.
447 902 473 954 in
492 904 523 954 T.
536 905 566 954 tr.
585 921 609 970 p.
621 907 670 954 ιιι
690 903 774 971 (ιον).

412 991 438 1040 Ρ.
455 991 504 1039 088
518 988 604 1055 (728).
629 994 701 1048 τοῖς
717 991 905 1056 κληρικοῖς
921 993 996 1050 τοῖς
1013 985 1076 1042 tini
1094 982 1306 1043 Ἀθανοισίον
1327 977 1486 1056 otiutlscn'-

344 1075 467 1128 bendum:
495 1070 543 1127 tirsi
561 1068 719 1127 Ἀθανάσισν.
757 1072 852 1124 Confer
868 1073 944 1124 modu
961 1090 985 1140 p.
1004 1077 1053 1124 088
1073 1075 1149 1141 (727)
1173 1072 1309 1141 ἐκκλησίαι
1327 1070 1376 1129 unt
1395 1069 1435 1127 tn
1449 1067 1487 1138 tip-

343 1160 504 1232 γιεπίσκοπον
522 1147 605 1212 uiuet
641 1158 751 1226 Longius
777 1157 863 1210 dissita
888 1169 960 1219 suut,
988 1169 1097 1210 attamen
1116 1177 1146 1209 ex
1165 1159 1252 1210 eadem
1269 1158 1295 1209 vi
1312 1156 1488 1227 praepositionis

344 1237 474 1302 lnl'huec
489 1244 615 1296 fluxerant
631 1246 662 1296 Τ.
680 1246 722 1294 lll.
740 1263 763 1312 p.
781 1248 832 1295 418
850 1245 944 1310 (1042)
969 1237 1098 1311 ἀνετράφη
1117 1283 1144 1295 ..
1163 1241 1211 1298 tirel
1236 1241 1279 1298 rit
1298 1238 1410 1311 Ἰωσήφ.
1442 1242 1488 1293 nl.

347 1333 433 1385 Νίνον.
452 1333 561 1382 Gratum.
580 1327 669 1381 ldioou.
688 1331 720 1380 Ν.
730 1331 761 1381 Τ.
779 1347 805 1397 p.
817 1333 876 1380 844.

412 1417 440 1469 Ρ.
454 1419 505 1468 088
522 1417 608 1485 (727).
643 1415 702 1469 καὶ
728 1409 893 1483 α’μφὸδων
918 1409 997 1481 ἤτοι
1022 1415 1166 1483 λαυρῶν]
1191 1417 1286 1484 Λαβιὸν
1310 1413 1337 1464 in
1362 1415 1402 1466 etl.
1420 1417 1490 1466 Peter.

345 1519 440 1554 merant
456 1511 495 1553 est
512 1502 599 1554 vitium
617 1518 710 1570 operae
734 1500 926 1569 typographici3
955 1517 1011 1551 nata
1028 1500 1052 1550 io
1073 1500 1241 1552 Animadvers.
1262 1519 1286 1569 p.
1303 1505 1363 1551 282.
1382 1501 1491 1569 vulgatum

346 1589 445 1657 λαβρῶν
462 1597 552 1639 exstat.
588 1587 696 1653 Aaupuit
713 1597 796 1637 eutem
812 1585 886 1637 scribi
898 1587 1010 1639 Pttuvltss
1028 1595 1096 1637 recte
1111 1585 1183 1636 iussit
1200 1595 1254 1636 tum
1271 1586 1296 1636 ia
1314 1587 1426 1656 margine
1439 1603 1490 1636 con·

344 1681 445 1739 textus,
471 1672 751 1724 nunnamenster
771 1689 791 1722 c.
819 1673 856 1721 Da
875 1681 1012 1740 perpetua,
1030 1689 1104 1740 quera
1121 1669 1190 1722 idem
1207 1670 1232 1722 iu
1253 1671 1423 1724 Aaiauudsers.
1441 1671 1491 1722 atti-

345 1774 391 1843 git,
411 1775 557 1826 conluuione
573 1775 701 1826 liturarum
720 1777 735 1843 β
752 1784 778 1824 et
793 1759 813 1827 a
826 1773 876 1826 vid.
894 1785 981 1825 annot.
999 1773 1024 1824 in
1042 1777 1121 1825 liliam
1140 1777 1200 1825 Grtl.
1218 1771 1266 1826 col.
1285 1777 1333 1825 772
1354 1775 1405 1844 (8).
1433 1773 1492 1844 Apud

346 1863 511 1926 Epiphaniam
527 1863 558 1912 T.
576 1862 619 1910 lll.
638 1878 662 1928 p.
672 1863 722 1910 482
742 1860 835 1926 (1078)
854 1853 936 1930 ἅβρας
952 1857 1073 1910 mendose
1089 1858 1163 1910 scribi
1181 1859 1279 1910 solebat
1296 1871 1358 1912 unte
1377 1863 1493 1922 Oellertan

347 1945 389 2014 qui
407 1939 488 2012 αὔρας
505 1950 598 1998 Petunt
614 1963 687 1996 suasu
705 1944 824 2013 reposuit.

415 2033 441 2082 P.
458 2035 508 2082 004
527 2032 612 2100 (llll).
647 2024 714 2085 οὔτ’
734 2029 892 2100 ἐπινοίᾳ,
917 2023 1495 2100 οὕτόἱτόμῳτινίπροάγειὅθιός

347 2116 404 2170 τοῦ
422 2117 511 2182 ulai]
530 2117 571 2166 Nc
588 2117 641 2184 qnia
660 2117 769 2167 lortusse
787 2115 820 2165 de
837 2115 938 2185 προέχει
956 2115 1102 2192 reponendo
1121 2117 1230 2185 cogitet:
1248 2114 1370 2184 προάγειν
1387 2117 1435 2168 lton
1447 2117 1494 2166 loco

349 2204 664 2265 estttntporeprurctdcre.
700 2199 741 2250 Cl.
760 2220 782 2266 p.
794 2203 842 2252 008
862 2197 1173 2272 (781)προι“ι’ποὶργει
1196 2199 1210 2256 ο“
1236 2200 1297 2263 θεὸς
1313 2204 1360 2256 τοῦ
1379 2203 1441 2256 ulai.
1473 2202 1495 2252 ld

348 2285 416 2354 quorl
441 2297 479 2337 est
503 2289 584 2338 ordine
609 2301 638 2337 ua
655 2289 768 2350 dipnilalt
782 2289 921 2349 praeetdtrt
945 2283 1063 2354 προάγειν
1087 2287 1153 2338 rulet
1175 2289 1206 2339 T.
1225 2289 1268 2340 lll.
1292 2306 1316 2356 p.
1335 2291 1386 2338 478
1406 2289 1495 2356 (1070).

349 2371 443 2424 Iisdem
461 2371 498 2421 vis
516 2371 586 2422 verbi
603 2368 737 2438 ὑπεράγειν
755 2373 842 2422 ΤΗΙ.
860 2389 883 2438 p.
898 2376 948 2422 218
967 2372 1051 2441 (828).

416 2459 503 2508 0088
522 2458 608 2524 (781).
642 2454 699 2510 τὸν
723 2454 795 2511 ulls
821 2453 994 2526 λεγόντων
1020 2458 1051 2512 cl
1069 2455 1127 2524 μὲν
1145 2455 1292 2526 ἐρνγήν,
1319 2457 1497 2524 uillaru-

350 2541 452 2614 βολήν
477 2537 676 2611 α’γίννητον]
705 2543 775 2593 llaec
792 2547 843 2595 Arte·
868 2541 944 2594 verba
966 2561 996 2593 ex
1015 2545 1149 2595 Theodorolt'
1169 2543 1233 2595 llist.
1252 2543 1320 2595 Eccl.
1339 2547 1358 2595 l.
1377 2549 1417 2608 4.,
1444 2561 1497 2614 qaae

348 2639 432 2680 autern
449 2645 475 2696 p.
484 2633 534 2679 008
553 2629 628 2696 (782)
647 2629 678 2680 ab
697 2631 751 2680 Artu
768 2627 800 2679 de
821 2633 941 2680 Valentino
958 2625 1024 2679 dictu
1042 2637 1148 2689 exstant,
1167 2643 1198 2679 ex
1209 2631 1337 2680 Allsanurlo
1358 2631 1396 2680 De
1414 2629 1498 2700 synoti

350 2718 453 2782 cup.16.
471 2714 544 2764 attuli
561 2713 594 2765 ad
613 2717 687 2766 Marc.
698 2716 807 2778 Eaptttt'c.
827 2733 852 2781 p.
862 2717 904 2764 48.
924 2714 965 2764 ubi
982 2711 1104 2764 illustravi
1122 2712 1293 2781 theologicum
1312 2715 1381 2766 vocis
1400 2711 1497 2786 προβολή

346 2813 429 2862 usam,
446 2815 519 2867 quern
532 2802 603 2851 Arltts
619 2817 644 2866 p.
655 2801 704 2848 088
718 2799 794 2867 (788)
813 2797 904 2849 iterum
922 2809 1002 2850 notet.
1039 2797 1111 2849 Adde
1127 2809 1214 2849 annot.
1226 2801 1252 2849 in
1270 2801 1301 2850 Τ.
1313 2801 1331 2849 Ι.
1346 2819 1370 2867 p.
1382 2805 1430 2852 148
1441 2803 1500 2868 (88).

350 2885 388 2935 De
410 2901 472 2934 voce
498 2881 576 2951 ἐρυγν)
603 2885 671 2934 conf.
696 2885 814 2948 Theophil.
831 2883 864 2934 ad
884 2884 997 2952 Autolyc.
1018 2885 1048 2934 tl.
1067 2889 1106 2934 14.
1134 2883 1198 2954 ἔχων
1216 2921 1239 2934 ..
1259 2881 1274 2938 ὅ
1292 2883 1353 2948 {laic
1378 2884 1500 2952 τὸνλόγον

349 2965 493 3024 ἐνδιάθετον
510 2969 536 3022 ἐν
552 2975 605 3029 τοῖς
623 2968 696 3028 ἰδίοις
713 2965 877 3038 σπλάγχνοις,
902 2967 1032 3037 ἐγέννησεν
1051 2963 1147 3031 airis,
1170 2967 1235 3035 μετοὶ
1252 2971 1303 3037 τῆς
1322 2967 1401 3026 atinati
1421 2971 1502 3038 σοφίας

350 3051 620 3120 ίξερευξάμενος
643 3051 691 3120 πρὸ
716 3053 766 3107 τῶν
791 3047 864 3108 ὅλων.
908 3057 1001 3118 onan.
1019 3054 1045 3104 in
1063 3059 1146 3107 luonn.
1166 3055 1185 3106 l.
1202 3059 1242 3106 42.
1268 3055 1310 3106 ubi
1331 3055 1364 3106 de
1388 3057 1446 3108 loco
1470 3055 1500 3105 Pa

349 3145 401 3203 44,
419 3145 445 3192 2.
470 3135 686 3206 ίξηρειίξοτο
711 3135 730 3206 ι)
748 3138 842 3206 καρδία
860 3157 907 3206 μου
925 3137 998 3207 λόγον
1015 3133 1120 3207 ἀγαθόν.
1157 3140 1214 3194 vid.
1233 3143 1342 3192 Tlumus.
1360 3141 1385 3192 in
1405 3142 1502 3208 origene

349 3242 374 3293 p.
387 3229 443 3276 112.
468 3226 546 3276 Teste
564 3227 707 3288 sozomeno,
722 3227 869 3288 Alexander,
886 3223 1025 3292 Episcopus
1045 3225 1224 3287 Alexandriae,
1241 3223 1267 3276 iu
1286 3225 1394 3295 epistole
1412 3226 1443 3276 du
1459 3229 1503 3277 Arii

349 3309 447 3362 haereti
464 3309 546 3360 verbis
564 3326 594 3359 cx
620 3311 657 3360 Pa.
676 3313 724 3370 44,
743 3315 766 3361 2.
787 3311 849 3360 itern
866 3311 956 3361 abusus
973 3321 1027 3373 est,
1053 3321 1080 3360 ot
1098 3309 1187 3362 Filium
1205 3311 1316 3362 diuinum
1336 3322 1363 3362 et
1380 3323 1502 3363 asternunt

351 3412 406 3446 esse
430 3395 621 3446 demonstraret.
663 3395 735 3446 Adde
760 3399 897 3447 llurcellunt
921 3401 1072 3459 Ancyrantrrn
1096 3395 1163 3463 spusl
1188 3399 1304 3460 Eplplan.
1321 3397 1351 3448 Τ.
1371 3399 1414 3448 ΙΙΙ.
1439 3415 1461 3464 p.
1476 3397 1503 3444 01

352 3480 438 3550 (888).
473 3483 518 3531 Est
533 3489 616 3531 autern
634 3478 712 3548 ίρνγι)
731 3490 817 3531 nostro
834 3481 891 3532 luco
907 3497 983 3533 ιιηιιο
1000 3496 1038 3532 urs
1054 3485 1233 3545 pronunciatus,
1250 3481 1314 3532 sieut
1332 3479 1504 3552 ίξερεύγιοὲιι
1540 3543 1541 3554 ¹

351 3566 440 3616 Psnlrn.
458 3565 474 3615 l.
492 3583 512 3615 c.
531 3566 598 3615 idem
615 3566 682 3617 valet
699 3585 728 3617 uc
743 3571 909 3630 pronuntiare,
926 3566 1046 3635 loquendi
1064 3585 1107 3616 usn
1127 3567 1222 3618 ludaeis
1240 3565 1414 3620 Alexandrinis
1433 3565 1502 3616 lurni-
1540 3587 1541 3628 j

350 3649 414 3702 lint.
449 3649 674 3702 vittantur!
693 3654 819 3715 Pnrnntcn.
841 3656 976 3722 p.8³.sq.
1011 3655 1140 3716 Effaliendi
1158 3651 1216 3712 vim,
1235 3651 1267 3702 de
1285 3669 1333 3722 qun
1351 3651 1418 3702 idem
1437 3653 1465 3700 V.
1480 3651 1504 3698 0.

351 3735 466 3803 monuit,
491 3736 592 3787 verbum
609 3735 685 3789 habet
702 3755 742 3806 ap.
762 3740 847 3802 Epipll.
865 3739 895 3789 Τ.
910 3739 952 3788 tlt.
970 3755 995 3804 p.
1009 3741 1058 3788 840
1077 3739 1153 3806 (888)
1179 3737 1243 3789 birris
1266 3737 1330 3788 locis
1354 3735 1378 3786 in
1403 3733 1504 3803 epistole

351 3823 483 3876 Attanurn'.
518 3821 590 3873 Atltle
608 3833 695 3873 annot.
712 3823 739 3873 in
757 3824 787 3874 Τ.
801 3823 817 3872 Ι.
837 3840 861 3890 p.
873 3827 922 3872 182
941 3823 1010 3891 (78).
1045 3823 1103 3873 Nun
1122 3833 1175 3876 erat
1193 3822 1277 3890 igitur,
1296 3821 1365 3890 quod
1382 3825 1467 3874 Daniel
1483 3819 1504 3868 in

351 3907 460 3960 Tatiauo
478 3925 503 3975 p.
514 3911 571 3959 100.
589 3907 652 3958 illud
670 3905 850 3976 ἐξερεύγεσθαι
867 3907 933 3976 apud
952 3911 1103 3972 l'lstupltr'lum
1121 3909 1138 3959 1.
1154 3927 1175 3959 c.
1193 3925 1239 3976 pro
1256 3909 1373 3975 gnostico
1391 3907 1431 3957 rel
1449 3905 1505 3956 cab-

248 4035 250 4040 .
352 3991 470 4045 balistico
485 3993 580 4043 maiore
597 3992 659 4053 iure,
678 4011 751 4060 quarn
768 3995 899 4060 προπηδᾶν
916 4011 956 4062 up.
971 3997 1065 4045 Tollan.
1077 3998 1171 4062 cup.l.‚
1189 3993 1276 4044 heberi
1293 4010 1367 4072 ppsse
1381 4001 1503 4043 statueret.

419 4079 445 4130 P.
464 4081 513 4130 088
532 4079 617 4147 (788).
643 4070 711 4133 οὔδ’
729 4074 948 4144 ιίςἹίρακιις
966 4075 1087 4148 λύχνον
1105 4074 1168 4134 uini
1187 4069 1504 4148 λιίγνονῆιόςλιμ-
1540 4095 1541 4100 ’

352 4157 446 4218 nica
464 4163 516 4225 είς
532 4161 602 4231 δύο]
623 4165 742 4215 Similiter
759 4164 801 4214 ulii
819 4163 851 4215 de
868 4165 932 4216 Filio
950 4173 976 4214 ct
996 4182 1054 4215 vero
1073 4165 1148 4216 etiam
1165 4163 1198 4214 de
1215 4163 1310 4230 Spiritu
1327 4171 1414 4213 uncto
1431 4161 1504 4211 locuti

352 4257 417 4299 sunt.
454 4249 526 4301 Conl'.
544 4252 624 4302 luettn.
643 4253 713 4301 llari.
733 4249 797 4300 Dial.
816 4267 837 4300 c.
857 4250 953 4319 Tryph.
972 4253 1063 4318 ρ.284.
1075 4261 1100 4301 et
1119 4253 1175 4300 808.
1195 4253 1289 4301 Talion.
1309 4251 1408 4298 Orate.
1421 4247 1503 4296 Graec

354 4347 408 4400 etp.
424 4337 448 4384 8.
467 4345 492 4385 et
510 4334 561 4385 rid.
580 4337 690 4387 Saminth.
709 4335 735 4386 iu
753 4334 848 4385 Iustino
868 4337 940 4386 Mart.
959 4337 991 4387 Τ.
1007 4337 1038 4386 ll.
1058 4353 1083 4402 p.
1094 4339 1152 4386 288.
1165 4353 1202 4404 sq.
1223 4334 1264 4403 qui
1281 4332 1389 4383 illustrat
1405 4341 1504 4381 senten·
1540 4327 1541 4330 ’

353 4416 414 4467 tiam
431 4421 528 4482 lusttnt,
551 4419 682 4479 docentis,
710 4420 830 4487 spiritura
847 4439 862 4470 a
879 4422 934 4471 Deo
951 4437 1002 4471 nou
1019 4421 1144 4488 separari,
1169 4419 1229 4482 sed,
1257 4429 1283 4470 ut
1300 4419 1383 4486 ignem
1400 4417 1430 4467 ab
1447 4413 1503 4482 igni.

354 4499 425 4550 nttllo
441 4501 492 4552 cias
511 4502 662 4553 detrimento
679 4503 810 4572 proficisci.
845 4505 920 4568 Quod
938 4516 1021 4556 autem
1039 4505 1105 4556 idem
1123 4505 1153 4557 V.
1165 4505 1195 4555 D.
1212 4505 1245 4559 Τ.
1258 4507 1287 4556 ll.
1308 4523 1331 4573 p.
1343 4507 1399 4555 804.
1417 4501 1503 4574 apina-
