3126 5046
288 281 434 340 ocum

287 441 332 494 illo
343 439 462 494 haeresin
472 439 539 494 islso
551 439 710 494 isctsmrint
737 433 793 494 lice
803 453 865 493 sero
876 435 1050 492 cerdsdmure
1061 442 1111 504 est,
1123 451 1208 508 neque
1218 435 1299 508 prlori
1308 435 1349 490 illl
1359 439 1452 490 senus

287 525 427 581 Plotinum
438 526 522 579 editoe
536 525 733 596 subscripsisse,
749 532 787 590 et,
805 525 829 580 si
844 539 878 578 ex
890 523 973 578 mbos
985 521 1170 576 Sirmiensibus
1182 522 1297 592 aliquam
1308 521 1451 586 sslusiserit¹

287 629 341 666 non
353 613 431 666 sllsm
447 625 527 681 quem
543 611 697 676 secundem,
714 611 756 664 cui
773 615 800 663 et
811 607 889 663 Osius
907 623 1029 664 mensus
1046 613 1097 673 est,
1114 607 1308 678 comprobssse.
1331 607 1372 660 Ae
1387 604 1452 660 milui

288 697 393 768 quidem
404 695 534 768 purgandi
543 697 577 749 sb
590 697 661 750 omui
672 694 785 750 hwresis
797 694 945 765 suspicione
955 693 1052 748 Liberii
1063 692 1186 764 expecto
1197 692 1326 762 qusedsus
1341 693 1410 746 rsu'o
1426 697 1454 744 et

287 783 372 836 iscilis
390 782 511 846 occurrit,
528 781 551 836 si
567 782 682 836 oblstsns
699 779 804 852 quidem
815 781 853 834 illl
864 779 1004 834 ucuudsm
1015 779 1185 834 Sirmieusem
1195 775 1287 830 istesso
1298 777 1452 842 dixedmus,

288 885 342 921 non
352 867 483 936 integram
493 873 594 932 umen,
611 875 658 920 sut
674 865 820 920 cuiusmodi
836 864 906 937 spud
917 863 1052 920 Seorsum
1067 870 1094 918 et
1104 863 1276 920 Atbsnssium
1290 869 1371 933 etque
1381 863 1453 918 Hils·

287 953 357 1006 rium
367 953 471 1022 legitur,
488 951 534 1005 scd
550 953 663 1022 priorem
677 953 735 1006 elus
748 958 861 1022 perteus,
879 951 906 1004 in
919 965 971 1020 qus
981 955 1026 1002 τοῦ
1038 947 1171 1020 lpoeoclee
1181 954 1210 1003 et
1220 945 1364 1020 iporcuslco
1374 963 1453 1002 vocs·

288 1038 351 1092 bule
358 1037 489 1092 reticends
497 1047 554 1092 esse
563 1037 715 1102 decernitur,
727 1036 797 1107 quod
806 1035 879 1108 pacis
888 1051 919 1089 se
928 1036 1023 1106 quietis
1031 1035 1117 1090 studio
1126 1033 1336 1106 complesusest.
1355 1033 1453 1088 Verum

288 1123 378 1178 Arisni
388 1123 472 1176 eidem
480 1121 606 1176 sormulse
617 1123 718 1194 reliqua
727 1121 895 1192 postmodum
909 1122 1078 1174 intexuerunt
1092 1136 1123 1174 sc
1134 1119 1252 1191 specioso
1260 1119 1376 1174 Romani
1386 1135 1453 1190 pou·

289 1208 366 1262 u'iicis
376 1209 482 1262 nomine
494 1213 520 1260 ct
531 1209 668 1262 sutoritsto
677 1223 753 1261 suum
763 1207 860 1276 dogma
867 1206 1040 1260 rescierunt
1057 1205 1149 1260 Diossu
1161 1205 1282 1276 amplios,
1293 1221 1328 1258 ne
1339 1205 1385 1258 isti
1396 1204 1453 1274 qui·

290 1293 348 1348 dem
359 1294 514 1364 proiessioni
525 1294 710 1364 subscripsisse
721 1293 865 1358 Liberium,
876 1291 923 1345 sed
934 1291 1009 1346 alteri
1019 1291 1135 1356 cuidem,
1152 1306 1205 1360 qus
1215 1291 1242 1344 id
1253 1306 1337 1344 unum
1349 1305 1454 1344 carme·

289 1385 339 1442 tur,
358 1395 392 1432 ne
412 1379 471 1448 quis
488 1378 717 1432 consubstsntislis
734 1377 861 1431 socsbulo
877 1378 906 1430 iu
922 1384 1055 1448 porterum
1072 1382 1196 1431 uteretur.
1232 1375 1307 1439 Quod
1333 1391 1396 1430 cum
1420 1375 1452 1428 ds

290 1463 417 1518 catholice
433 1463 569 1516 severitate
585 1463 703 1516 Liberius
724 1463 868 1516 remisisset
888 1469 914 1516 et
929 1461 1065 1516 Atheussii
1084 1463 1191 1532 insuper
1213 1460 1375 1514 comestioni
1392 1475 1454 1514 eon·
1526 1477 1532 1494 ·

292 1549 428 1612 sensisset,
445 1548 516 1602 visos
534 1555 575 1602 est
585 1549 612 1602 in
624 1547 744 1602 haeresin
755 1549 906 1618 prolapsus,
924 1563 1006 1617 esque
1017 1545 1185 1618 postmodum
1196 1545 1284 1616 opinio
1296 1545 1453 1600 Animorum

288 1633 424 1687 irsudibus
436 1639 463 1686 et
472 1634 609 1688 columniis
620 1633 776 1704 percrebuit,
794 1649 853 1688 cum
871 1633 1040 1686 sirmiensem
1057 1632 1117 1686 fidei
1132 1631 1272 1686 iormulsm
1284 1630 1377 1684 eodem
1388 1636 1455 1684 tem·

289 1735 352 1790 pore
359 1719 522 1789 publicantes
534 1734 591 1772 eam
602 1720 688 1790 ipsam
700 1717 742 1772 cui
758 1733 882 1772 mseneus
898 1723 954 1771 erst
963 1717 1081 1772 liberius
1098 1717 1170 1770 illem
1187 1733 1245 1770 esse
1262 1716 1366 1770 mentiti
1381 1723 1453 1771 suut

290 1804 369 1859 (luins
386 1805 424 1858 rei
441 1805 616 1858 coniectorem
633 1820 667 1857 ex
684 1803 829 1857 Sosomeuo
846 1803 907 1856 licet
923 1817 1027 1874 capere,
1046 1802 1091 1872 qui
1106 1802 1153 1856 lib.
1165 1820 1199 1856 rv.
1216 1817 1274 1872 esp.
1286 1819 1342 1856 xrs.
1354 1801 1454 1866 scribit,

290 1906 350 1944 curn
362 1906 378 1942 s
388 1889 491 1944 Liberio
501 1889 598 1944 Veiens
609 1897 635 1944 et
644 1889 766 1942 Ursscius
778 1890 975 1942 consensionem
984 1888 1166 1959 expressisset,
1177 1888 1294 1942 vicissim
1305 1887 1340 1940 sle
1352 1903 1385 1942 eo
1395 1903 1455 1957 pro·

289 1975 430 2030 laesionem
441 1975 710 2046 compossessorem,
728 1989 780 2045 qua
797 1974 835 2028 illi
851 1973 1036 2027 damnarentur
1053 1989 1156 2038 omum,
1174 1973 1219 2044 qui
1235 1989 1289 2028 non
1306 1972 1457 2026 substantie

291 2061 450 2130 caeterisque
461 2061 573 2113 similem
584 2061 665 2130 petris
678 2075 735 2114 esse
746 2060 829 2114 filium
841 2065 993 2114 assererent
1017 2058 1085 2112 'lbsm
1100 2057 1172 2112 addit
1181 2057 1331 2112 Eudoxium
1347 2073 1379 2112 so
1396 2057 1455 2110 roli-

291 2162 357 2216 quos
369 2146 530 2209 Anemoeos,
546 2145 591 2215 qni
602 2143 752 2198 Antiochiae
768 2145 947 2210 verssbsutur,
963 2159 1023 2198 cum
1036 2143 1092 2200 Osii
1108 2143 1259 2214 epistolam,
1276 2141 1327 2196 boc
1341 2148 1386 2196 est
1400 2142 1455 2196 Sir·

290 2231 417 2284 mieneem
432 2229 572 2283 iorrnulsus
587 2231 761 2301 accepissent,
778 2229 804 2282 id
821 2230 849 2283 in
859 2230 956 2299 vulgus
973 2230 1113 2300 spsrsisse,
1131 2229 1264 2283 Liberium
1277 2227 1307 2279 τὸ
1319 2224 1455 2298 iussisses
1554 2269 1555 2290 ,

291 2314 441 2386 repudlssse
452 2329 483 2368 sc
495 2313 646 2368 dissimilem
658 2316 740 2386 pstris
752 2331 915 2370 asseverasse
925 2315 1019 2370 filium.
1047 2314 1173 2378 Quocircs
1182 2313 1351 2384 perspicuum
1360 2318 1404 2366 est
1412 2311 1456 2368 lai·

291 2400 393 2454 berium
410 2399 566 2470 proiessioni
580 2401 619 2453 illi
635 2399 782 2465 Sirmiensi,
800 2417 879 2470 qusnr
894 2399 949 2454 Osii
965 2406 992 2454 et
1007 2400 1119 2454 Potsmii
1135 2395 1325 2469 blesphemism
1341 2399 1459 2468 sppellst

291 2485 419 2550 Hilarius,
429 2485 537 2539 minime
549 2485 745 2556 subscripsisse,
761 2487 789 2539 in
801 2501 853 2556 qna
864 2485 1019 2540 nemetim
1030 2484 1059 2536 cb
1072 2481 1221 2556 decretores,
1234 2483 1458 2553 qnemsdmodum

292 2577 319 2624 et
329 2569 357 2622 rb
370 2567 502 2641 ipocioccs
513 2571 636 2624 reiectum
648 2577 700 2636 est,
716 2571 769 2624 imo
783 2587 844 2624 vero
856 2575 882 2624 et
893 2570 976 2631 cislae
988 2587 1084 2624 nomen
1095 2571 1194 2642 ipsum,
1206 2585 1237 2622 so
1249 2573 1386 2639 praeterea
1395 2585 1456 2639 pro-

291 2657 457 2720 cunctotum,
473 2661 574 2726 petrem
589 2655 701 2722 honore,
717 2657 855 2728 diguitste,
873 2657 989 2710 claritate
1001 2661 1029 2710 et
1038 2656 1175 2710 maieststc
1185 2655 1312 2708 maiorsss
1321 2666 1384 2708 esse
1393 2653 1457 2717 filio,

293 2743 338 2812 qui
348 2743 415 2812 petri
425 2759 487 2796 curn
498 2743 619 2796 omnibus
631 2743 664 2796 sb
676 2759 706 2795 eo
722 2743 774 2796 sibi
789 2742 913 2796 subiectis
930 2743 966 2795 sit
981 2742 1038 2812 ipse
1055 2742 1195 2795 subiectus.
1229 2739 1368 2804 Quomodo
1386 2740 1458 2794 suin
1553 2801 1554 2822 ,

292 2825 356 2882 hsce
368 2828 506 2898 spprobsri
517 2827 646 2881 sLiberio
657 2833 811 2898 potueruut,
829 2828 873 2898 qui
884 2827 1015 2898 concepu'a
1027 2827 1112 2880 serbis
1124 2827 1191 2897 pstri
1202 2842 1248 2897 per
1259 2825 1364 2890 omnis,
1380 2825 1457 2878 sdeo·

293 2929 344 2984 que
355 2917 384 2984 τῇ
397 2911 468 2983 οὐσίᾳ
479 2914 591 2967 similem
602 2929 659 2967 esse
670 2913 753 2967 lilium
765 2913 890 2966 edixerit?
910 2912 963 2966 oso
974 2913 1098 2966 nimirum
1106 2911 1250 2982 simplicem
1261 2911 1298 2964 sb
1307 2926 1340 2964 eo
1353 2915 1459 2966 ocubu-
1466 2905 1480 2934 '

292 2999 361 3052 tersi
377 2999 496 3052 vocobuli
513 2999 722 3070 suppressionem
740 3015 800 3052 cuns
817 2999 997 3062 extorsissent,
1015 3004 1117 3052 caetere
1133 2997 1166 3051 sd
1182 2997 1255 3050 illsm
1271 2995 1457 3061 adimerent,

293 3099 375 3152 esque
386 3099 428 3138 res
443 3083 476 3136 ob
485 3083 600 3138 demnsti
612 3085 764 3154 praesertim
774 3083 909 3138 Athenssii
919 3083 1043 3138 uvidum
1059 3083 1138 3137 fidem
1149 3082 1219 3153 apud
1227 3083 1339 3136 Arianos
1349 3081 1457 3153 perinde

294 3185 325 3222 sc
336 3166 478 3222 catholicos
489 3169 610 3222 obtinuit

359 3253 407 3307 Hic
418 3252 482 3306 mihi
492 3270 553 3324 prce
565 3256 672 3308 coeteris
680 3255 772 3308 llilsrii
783 3255 948 3310 sutoritstem
959 3254 1038 3308 obiici
1049 3269 1127 3325 posse
1134 3252 1218 3318 rideo,
1230 3253 1276 3323 qui
1285 3252 1314 3306 in
1322 3253 1458 3323 irsgmen·

293 3339 327 3392 tis
339 3353 356 3391 s
367 3337 473 3392 Nloolco
485 3339 656 3393 Febroeditis
668 3341 792 3410 epistolae
804 3339 911 3406 liberii,
928 3355 1005 3410 quem
1019 3337 1053 3392 sd
1065 3339 1209 3392 Oricutslss
1220 3337 1340 3408 scripsit,
1351 3353 1457 3409 qusque

293 3439 323 3478 ee
335 3439 351 3475 s
362 3422 515 3494 Demophilo
527 3424 606 3478 tidem
617 3423 784 3490 cstbolicsm,
795 3441 863 3496 quse
874 3425 943 3497 apud
955 3425 1079 3478 Sirmium
1090 3423 1192 3494 proditu
1203 3428 1252 3488 eet,
1263 3423 1387 3478 didicisse
1396 3439 1457 3478 nst-

293 3514 348 3574 rst,
364 3509 416 3562 ists
427 3510 543 3564 subiicit:
577 3509 717 3579 Perfidiam
730 3521 811 3564 cutem
824 3513 896 3580 opud
905 3509 1024 3564 &resices
1036 3511 1205 3579 deecm'ptuss,
1216 3525 1292 3579 qussi
1303 3511 1369 3564 dicit
1380 3509 1457 3562 otte

292 3598 349 3648 rios
365 3594 517 3647 corbolicum
535 3615 553 3646 u
571 3595 720 3665 Demopls'lo
736 3597 787 3648 eidi
803 3600 952 3665 expositum,
970 3595 999 3646 tt
1014 3604 1072 3646 sant
1086 3598 1130 3666 peri
1141 3598 1359 3662 couscrspsessstr
1382 3594 1457 3648 Nm»

294 3684 387 3744 cissos,
407 3679 561 3742 lbeodorus,
581 3679 706 3744 Basilius,
723 3679 866 3743 Esdoss'cs,
884 3679 1060 3750 Demophilus,
1077 3679 1227 3748 Gecrcpter,
1243 3677 1385 3748 Spicum,
1408 3679 1458 3732 Ur·
1551 3743 1552 3748 ¹

292 3769 392 3829 socius,
410 3764 516 3828 Valens,
532 3765 699 3818 Macedonico
710 3775 757 3818 etc.
791 3764 843 3818 Sed
861 3763 983 3836 quicquid
1001 3764 1033 3818 de
1048 3765 1203 3834 ingerentis
1219 3765 1272 3818 illis
1288 3763 1457 3818 sentiendum

294 3851 340 3916 sit,
351 3849 415 3903 haec
427 3849 540 3920 proiecto
553 3850 708 3920 subscriptio
721 3851 753 3903 sb
765 3850 857 3904 Hilarii
868 3866 948 3904 meno
960 3867 1081 3904 essenon
1093 3848 1201 3913 videtur,
1217 3847 1263 3902 sed
1279 3848 1396 3920 imperiti
1411 3865 1457 3904 ou-

293 3935 409 4000 iusdsm,
420 3935 466 4005 qui
475 3935 588 3988 Arianae
599 3941 685 3988 sectae
695 3935 807 3989 divortio
817 3949 871 3988 oon
882 3936 947 3988 estis
958 3941 1134 4006 perspexerat.
1163 3933 1266 3988 Etenim
1277 3933 1394 3990 Basilius
1405 3935 1457 3988 ists

294 4037 325 4074 sc
336 4019 471 4084 Silenus,
488 4036 537 4072 nec
553 4037 607 4074 nou
624 4025 651 4074 et
666 4021 834 4074 liscedordus
850 4021 883 4073 ab
898 4019 1042 4091 Epiplssnio
1060 4020 1220 4090 cesterisqus
1231 4019 1457 4074 domiminum

294 4106 422 4176 principes
437 4111 583 4170 censentur,
600 4121 711 4176 quornm
728 4106 851 4159 adsersus
862 4105 1032 4158 sirmiensem
1046 4106 1118 4158 illam
1129 4105 1317 4175 professionem
1328 4105 1458 4158 scmrims

295 4191 381 4244 studio
391 4207 421 4244 ao
432 4192 611 4246 contentiones
623 4192 771 4244 extiterunt.
787 4190 878 4260 Neque
886 4205 947 4244 sero
957 4197 1026 4254 tum,
1038 4206 1098 4244 cunr
1109 4207 1141 4243 as
1152 4197 1192 4244 est
1203 4189 1284 4254 edita,
1296 4189 1386 4244 sumo
1397 4207 1456 4243 esse
1550 4203 1551 4216 ¹

294 4273 408 4328 Basilius
418 4277 514 4346 potuit,
529 4277 583 4330 imo
594 4291 642 4330 uec
654 4275 787 4330 Eudoxius
799 4277 867 4345 ipse,
879 4277 924 4346 qui
935 4274 1002 4328 hanc
1013 4275 1047 4328 ab
1059 4274 1164 4331 Ursscio
1182 4281 1208 4328 et
1218 4275 1329 4328 Valente
1345 4276 1457 4328 missam

294 4357 459 4426 Antiochiae,
474 4363 520 4415 ubi
536 4367 592 4415 tum
609 4375 668 4415 cuns
682 4361 737 4414 suis
748 4361 907 4426 vescebatur,
923 4362 1024 4430 occepit
1034 4366 1061 4414 et
1071 4377 1087 4414 s
1098 4361 1161 4414 solis
1173 4359 1384 4414 Occidentalibus
1393 4375 1456 4414 ceu·

296 4445 418 4514 scriptam
430 4460 487 4500 esse
498 4447 564 4500 dstis
576 4447 609 4500 sd
620 4446 678 4500 illos
690 4447 771 4500 literis
783 4451 890 4500 testsuss
902 4451 951 4500 est.
982 4444 1056 4509 Quae
1065 4446 1154 4500 omuis
1164 4461 1244 4514 supro
1254 4445 1360 4515 copiose
1370 4444 1456 4513 decis-

296 4535 353 4583 rats
362 4534 433 4583 sunt.
460 4529 498 4584 De
509 4531 586 4585 tertis
594 4531 656 4586 iidoi
666 4530 830 4604 expositione
842 4529 904 4603 quid
913 4531 1081 4586 statuendus
1089 4531 1126 4586 sit
1136 4530 1252 4588 dicemm
1262 4530 1298 4586 sd
1308 4547 1379 4586 sum.
1386 4545 1456 4586 m.
