3126 5046
98 493 148 548 ille
163 493 219 564 ipse
233 493 279 564 qni
295 493 400 551 edmieit
421 498 553 564 exponet?
587 493 756 550 &musione
769 495 849 564 igitur
863 509 896 550 sc
906 493 1079 550 deoleretiono
1090 495 1178 566 ulique
1188 511 1253 565 opus

99 583 152 630 est
183 577 223 634 dn
231 594 295 634 tero
304 579 406 649 priests
416 595 447 632 sc
458 581 550 645 moin,
566 586 596 634 nt
605 579 681 634 bodie
693 587 745 645 est,
756 581 793 634 ite
804 585 927 651 perpetuo
937 580 1001 644 unt,
1016 596 1064 634 neo
1075 580 1129 633 nile
1138 596 1253 650 nequem

98 663 208 761 publice
217 679 272 718 usu
279 679 310 718 ec
320 664 436 718 mribus
451 665 573 720 oecledee
589 671 703 737 recepts;
720 665 789 738 qnod
804 672 935 736 postremo
952 665 1009 720 loco
1027 664 1255 720 demonstrendum

98 764 274 819 suscepimus.

97 900 269 959 iliumque
286 901 453 968 QUONDAlll
471 901 614 958 PUBLIOA
631 903 856 958 PEOOATORUM
872 902 1054 958 consessio
1071 901 1252 956 liOGLESIAil

514 988 664 1044 MORlBUS
681 989 840 1045 REGffl'TA.

170 1089 324 1146 inretorsrit
334 1089 397 1146 beec
408 1091 476 1161 spnd
484 1092 687 1162 quemplurimos
698 1092 791 1146 eetetis
801 1097 905 1146 necnee
917 1093 1054 1162 scriptores
1064 1091 1159 1161 opinio,
1170 1091 1253 1162 publi-

98 1191 160 1229 cem
176 1181 340 1246 mutorum
354 1175 544 1230 confessionem
559 1177 733 1247 poenitentioe
747 1181 848 1248 portem
862 1176 957 1242 iubeo,
975 1177 1133 1245 eundemque
1148 1176 1254 1246 perinde

99 1266 132 1316 ut
142 1267 244 1317 emere
254 1261 323 1316 illins
335 1259 423 1316 officie
433 1263 565 1318 communi
575 1279 625 1318 nsn
636 1277 666 1316 sc
677 1262 862 1316 consuetudine
873 1267 1012 1332 receptum.
1047 1261 1098 1314 Sed
1110 1261 1254 1316 cuiusmodi

99 1347 208 1401 &mum
225 1363 256 1400 ee
271 1345 361 1411 luerit,
379 1347 523 1417 quibusque
535 1347 815 1417 definitspeooetnrnm
832 1348 984 1418 generibus,
999 1364 1053 1400 uon
1069 1347 1159 1400 eodem
1176 1347 1252 1401 modo

98 1431 275 1500 pronuncient
285 1447 389 1496 omnes,
401 1447 489 1486 rerum
501 1432 546 1486 elii
555 1433 727 1497 tolerabilem,
739 1433 783 1486 elii
794 1449 898 1502 prorsus
910 1432 1051 1486 obeundum
1062 1429 1131 1486 buno
1142 1448 1254 1486 errorem

99 1516 314 1586 interpetatione
324 1533 372 1570 ene
382 1516 488 1572 benni.

168 1601 251 1654 linere
262 1602 308 1670 qni
318 1602 418 1658 nullum
429 1607 593 1672 peocstornm
604 1617 687 1671 genus
700 1602 844 1673 spubliose
852 1602 911 1670 lege
919 1601 1088 1656 confessionis
1097 1602 1253 1672 exciperent,

99 1702 134 1740 ne
146 1686 248 1740 occulte
258 1687 376 1756 quidest,
388 1703 454 1756 quos
465 1687 644 1756 prudentiores
655 1689 749 1741 coeteri
759 1688 850 1740 merito
863 1686 1013 1740 reiiciendos
1024 1691 1125 1756 putent
1147 1687 1198 1740 Alii
1206 1703 1253 1757 pu-

100 1771 171 1826 blice
181 1770 311 1826 dmtenst
321 1772 428 1826 crimine
439 1772 684 1842 vulgoqnecognite
694 1772 812 1842 publices
824 1771 862 1824 illi
872 1771 1027 1841 professioni
1037 1771 1185 1824 subiiciunt
1202 1773 1253 1826 Alii

99 1856 214 1926 deniqne
229 1861 300 1910 oerte
316 1857 443 1912 dunum
460 1873 493 1910 ex
511 1857 631 1913 omnibns
648 1857 851 1926 spoeniteutieo
866 1856 1026 1926 praeclusus
1038 1855 1138 1910 delecte
1148 1863 1253 1912 conten·

99 1941 174 1996 dunt
197 1941 297 1996 liurens
309 1942 388 2012 eiiqni
399 1942 563 2012 poenitentes
573 1943 644 2012 ipsos
655 1947 775 1996 moment
785 1942 814 1996 in
825 1941 974 1996 concionem
986 1940 1125 2012 productos
1135 1957 1184 1996 eno
1194 1958 1252 2012 pro·

98 2027 190 2096 pelen
201 2032 307 2096 mute
316 2027 463 2092 conusens,
475 2027 531 2092 elii,
543 2043 594 2096 qno
607 2027 709 2084 illorum
720 2026 813 2098 pudori
823 2027 1004 2090 consuleretur,
1017 2042 1061 2079 ees
1072 2033 1252 2096 perteeeuoor-

98 2111 206 2166 detibus
223 2111 383 2166 demusndes
399 2118 534 2182 prterunt,
552 2113 597 2182 qni
612 2117 659 2166 ent
674 2113 829 2176 memoriter,
846 2117 891 2166 eut
906 2127 940 2165 ex
956 2111 1051 2182 scripto
1066 2112 1252 2182 poenitentium

99 2197 211 2250 minem
221 2197 249 2252 in
259 2197 384 2267 popnlnur
395 2196 523 2252 efferrent.

168 2283 297 2351 Aqnibne
309 2283 429 2336 omnibus
440 2282 603 2341 uehementer
614 2297 663 2352 ego
680 2281 811 2336 dissentio.
845 2281 935 2352 Neque
952 2281 1022 2336 enini
1039 2282 1131 2336 eddnoi
1146 2299 1254 2353 possum

99 2373 131 2420 nt
147 2367 293 2422 eructuem
310 2369 395 2438 legem
411 2368 491 2422 ullem
507 2369 534 2420 in
552 2369 660 2422 ecclesie
676 2367 757 2422 inisse
774 2383 890 2438 unqunm
906 2367 1044 2432 eiusmodi,
1062 2384 1129 2438 qnue
1146 2374 1253 2440 peccate

98 2451 209 2522 proterii
220 2452 323 2522 publice
334 2453 481 2508 decreuerit.
497 2451 585 2508 Fuerit
592 2453 662 2508 enim
671 2453 798 2510 interdum
808 2453 908 2524 uliquis,
921 2453 966 2524 qui
974 2452 1132 2506 abundante
1142 2453 1253 2523 quedem

99 2536 197 2594 dolone
208 2553 239 2592 so
250 2539 352 2608 pietetis
364 2538 457 2592 delicte
467 2553 516 2592 sne
528 2553 616 2592 norem
633 2539 753 2594 omnibus
769 2539 928 2608 exposuerit,
943 2553 1108 2608 nequequam
1123 2543 1210 2592 temen
1226 2538 1252 2590 id

98 2622 128 2677 iu
139 2623 289 2692 exemplum
300 2623 563 2692 consuetudinemque
574 2624 629 2678 iure
640 2629 726 2693 potest
737 2623 877 2678 conuerti.
912 2621 963 2676 Sed
979 2628 1009 2675 nt
1025 2623 1109 2694 megin
1125 2623 1152 2674 in
1167 2638 1254 2676 urcem

98 2707 261 2776 quaestionis
278 2708 348 2764 illins
364 2709 522 2772 iurulentae,
542 2709 676 2778 utriunque
695 2715 828 2762 momente
847 2708 926 2778 pertis
945 2712 972 2759 et
987 2706 1101 2776 pondere
1117 2706 1253 2776 diligenter
1278 2715 1351 2767 pass.

99 2792 262 2848 munde
272 2799 346 2858 snut,
357 2795 489 2862 negante,
499 2795 619 2864 inquom,
631 2809 705 2846 mese
717 2798 744 2846 et
754 2791 907 2863 nifirmentie
918 2791 1031 2844 alterius.

166 2877 239 2934 bleso
250 2879 330 2948 igitur
341 2895 374 2932 ex
386 2877 541 2935 Neoteriene
553 2879 599 2932 ille
608 2877 716 2932 historie
726 2882 789 2933 nem
798 2878 962 2948 pcnesimun
973 2875 1081 2930 ridetur.
1099 2875 1182 2939 Quum
1193 2893 1253 2932 cum

98 2964 183 3023 nomi
194 2965 318 3018 ecerrim
329 2964 363 3021 sb
374 2962 510 3020 musicis
521 2963 617 3034 opponi
629 2967 774 3027 cernerent,
791 2977 874 3032 neque
891 2963 971 3017 ouon
984 2962 1083 3017 exitum
1096 2961 1252 3016 difficultetis

99 3049 224 3120 expedire
234 3055 353 3122 possent,
369 3049 504 3118 ingeniose
520 3047 589 3100 istud
605 3064 637 3100 ec
651 3048 758 3102 solerter
774 3047 962 3118 excogitemnt.
998 3045 1125 3102 Videbunt
1141 3049 1209 3102 onim
1225 3047 1252 3100 id

99 3135 207 3191 omniuo
219 3135 350 3188 subletum
362 3151 379 3186 e
389 3133 521 3198 Necterio,
537 3132 605 3186 nude
621 3139 694 3188 iente
711 3148 739 3188 ee
755 3132 866 3186 inridiee
882 3131 988 3188 flemme
1003 3133 1164 3190 concitasset
1197 3132 1252 3186 lloo

100 3226 189 3274 sutem
202 3219 264 3289 quid
275 3217 345 3272 eliud
356 3235 425 3284 esse,
442 3223 528 3287 quem'
537 3217 563 3272 id
579 3234 612 3272 ex
630 3233 680 3288 qno
697 3224 829 3272 metronee
841 3224 958 3288 stuprum
970 3233 999 3270 eo
1011 3217 1113 3272 diaconi
1123 3215 1253 3288 flagitium

99 3311 222 3360 nosmet
231 3306 258 3358 in
269 3305 410 3374 populum?
438 3301 504 3358 Enni
514 3317 574 3358 vero
585 3304 675 3374 prncm
686 3303 763 3358 dubio
776 3303 963 3364 contessionem
974 3302 1066 3368 tuisse,
1084 3302 1153 3374 quod
1169 3303 1205 3356 ite
1215 3303 1251 3358 le·
1365 3338 1369 3352 ,

99 3391 153 3444 tine
169 3389 242 3460 apud
258 3389 391 3444 sontem
406 3389 545 3454 legeretur:
568 3389 662 3442 Mulier
681 3390 778 3457 louqiue
797 3393 824 3440 e'u
844 3389 979 3460 coufitendo
991 3405 1139 3457 proprceeo.
1173 3387 1251 3442 Neine

99 3484 191 3530 snum
202 3481 243 3528 est
253 3475 371 3530 erbitreri
382 3475 510 3545 privatum
526 3479 552 3526 et
563 3489 579 3526 e
590 3473 708 3528 Necterio
725 3473 914 3530 contessionem
929 3479 1068 3537 extortum,
1084 3479 1111 3526 et
1126 3473 1194 3543 qnod
1211 3489 1251 3526 ce-

98 3567 213 3632 putent,
229 3560 262 3614 ab
278 3559 347 3614 illine
364 3575 513 3612 succentore
525 3557 709 3628 Obrysostomo
721 3559 828 3614 minime
839 3563 994 3612 reuocatum,
1028 3557 1067 3610 0b
1085 3573 1128 3612 ees
1146 3573 1251 3612 oensem

98 3645 210 3702 dubium
221 3645 319 3700 nemini
330 3644 380 3698 init
391 3645 454 3714 quin
464 3648 564 3714 preetcr
575 3645 703 3714 prirstenr
714 3644 785 3698 illem
802 3660 833 3696 sc
849 3643 1005 3714 legitimum,
1022 3648 1047 3695 et
1058 3659 1118 3696 roro
1135 3659 1251 3698 necesse

98 3733 179 3796 nen,
193 3729 342 3800 qneerenrle
352 3737 420 3784 esset
431 3730 525 3792 elteru,
536 3729 765 3799 constituendaque
776 3729 888 3800 publice.
905 3727 952 3782 Cui
961 3727 1128 3782 stabiliendae
1137 3743 1251 3782 uteren-

99 3815 202 3887 dseque
210 3815 283 3872 veris
293 3814 458 3884 postmodum
468 3814 596 3885 preesidie
607 3815 812 3886 conquisierunt,
824 3830 857 3868 ex
869 3813 1037 3884 quorumdem
1048 3811 1096 3866 PP.
1109 3813 1251 3866 entoriteti·

99 3903 163 3966 bns,
180 3905 238 3957 turn
249 3916 309 3956 nero
325 3899 538 3969 exhomologesin
554 3899 626 3954 illem
642 3916 673 3953 eo
688 3905 835 3963 traxerunt,
851 3899 923 3952 ouius
935 3897 1073 3968 antiquitus
1086 3898 1169 3950 omitte
1181 3895 1251 3950 Obri-

99 3987 187 4042 etisne
203 4000 327 4054 persaepe
343 3985 468 4040 meminit.
501 3983 570 4038 Heec
586 3984 689 4038 illorum
706 3985 771 4038 retio
789 3984 845 4038 init
878 3982 972 4038 Nostro
986 3999 1046 4036 vero
1064 3987 1103 4036 eet
1119 3982 1251 4036 eiusmodi.

100 4069 168 4126 Gnrn
184 4070 217 4124 de
233 4071 325 4140 priscis
340 4069 464 4124 eeclesiae
480 4069 572 4124 ritibus
588 4070 681 4138 egitur,
698 4067 762 4122 nibil
777 4075 873 4122 temere
890 4084 937 4122 nec
952 4068 1048 4138 ubsque
1059 4072 1173 4120 veterum
1190 4067 1251 4120 ecri-

99 4163 207 4226 ptorum
218 4156 347 4225 expressis
359 4153 513 4208 testimoniis
525 4152 690 4208 effemndnm.
706 4153 795 4225 Neque
804 4155 873 4208 enim
881 4153 907 4220 id
915 4169 995 4206 unum
1004 4153 1097 4206 intueri
1109 4152 1172 4204 setis
1182 4159 1250 4219 'esse

101 4257 182 4312 quem
194 4246 220 4294 to
232 4241 398 4310 prebebillter
410 4256 424 4292 e
435 4239 535 4310 leqneie
547 4239 704 4308 queestiouis
716 4239 823 4294 adonius
835 4239 962 4310 explices,
974 4237 1042 4308 qnod
1053 4237 1080 4296 in
1091 4235 1250 4292 ecbolesticis

100 4325 285 4382 controuersiis
302 4341 350 4380 usn
366 4325 448 4389 venit,
465 4323 511 4376 sed
526 4323 694 4394 quodcunque
711 4323 816 4378 demum
830 4323 982 4394 entiquiorie
998 4323 1121 4376 ecclesius
1136 4323 1250 4378 moribtu

101 4410 284 4480 adscripseris,
295 4409 372 4464 buius
384 4426 418 4464 er
429 4407 536 4464 bbtorie
547 4409 595 4462 tibi
605 4409 739 4464 reritetem
751 4425 808 4464 esse
819 4409 1005 4480 preostendern.
1022 4408 1076 4462 ism
1085 4425 1144 4462 vern
1156 4406 1196 4462 bio
1207 4410 1250 4464 ille

101 4495 277 4550 conieuionis
288 4495 405 4565 publices
416 4510 487 4560 mos,
498 4509 549 4564 qno
561 4493 592 4548 de
604 4495 699 4565 egitur,
710 4511 762 4548 nen
770 4493 847 4548 modo
857 4493 967 4548 solidum
975 4491 1053 4548 bebet
1063 4492 1137 4559 nibil,
1149 4501 1193 4547 eut
1205 4511 1250 4548 ex·

105 4596 227 4652 pressum
239 4596 273 4634 ex
285 4580 356 4634 omni
367 4579 501 4635 vetustatis
512 4581 649 4649 memorie,
666 4595 716 4652 qno
731 4580 798 4634 tueri
808 4595 865 4634 sese
876 4580 971 4650 poerit,
987 4579 1033 4634 sed
1048 4580 1138 4636 multis
1148 4579 1250 4634 reddis-
