3138 5044
310 297 417 354 xevm

310 453 504 510 observationes
519 451 645 508 maiorem
660 449 776 506 humana
792 449 889 506 fidene
912 451 1040 516 deciderit
1055 449 1119 506 haee
1135 451 1240 524 eclipsis
1255 450 1304 506 hoc
1316 451 1414 508 vatillo
1425 452 1472 508 im·

309 540 434 611 paratoria
447 555 530 604 anno,
545 538 668 594 historiae
680 535 732 591 tide
743 537 842 602 nititur,
859 553 926 609 quae
942 537 1047 592 tametsi
1057 536 1173 592 humana
1184 538 1231 604 sit,
1246 537 1280 592 ab
1291 553 1324 592 ea
1334 543 1424 592 umen
1432 555 1473 592 rs·

309 625 399 680 cedere
410 627 457 680 vix
467 623 597 678 interdum
609 639 666 678 ease
677 622 794 676 videatur
805 621 927 680 hominis.
951 622 1003 678 Sed
1020 640 1080 680 cnm
1092 623 1125 676 ad
1136 621 1252 678 Iulianos
1263 624 1418 694 praesertim
1427 639 1473 678 au·

308 729 372 777 nos,
389 727 455 782 qnos
467 726 558 765 omnes
570 710 621 764 sibi
632 708 785 778 chronologi
796 707 956 779 praefigunt,
973 708 1083 764 deducta
1096 726 1139 764 rea
1150 709 1240 774 inerit,
1258 715 1338 779 quoto
1350 726 1420 766 aune
1431 725 1473 762 ec·

308 797 381 868 lipsis
398 797 444 850 illa
459 795 608 866 configerit,
625 812 678 850 nen
694 792 810 848 humana
824 793 877 848 iana
893 793 957 860 fids,
980 793 1028 848 hoo
1047 801 1087 848 eet
1103 795 1159 848 sola
1175 795 1308 864 scriptoria
1324 795 1474 858 autoritate,

308 882 353 936 aad
370 881 515 936 certissima
530 879 750 936 demonstratione
763 885 878 944 constat,
899 879 931 934 ds
951 896 1004 950 qua
1020 881 1072 934 uisi
1088 880 1160 951 prins
1174 880 1304 950 imperitia
1318 879 1474 934 numerandi

308 967 350 1020 vel
362 967 509 1021 tabularum
518 967 580 1020 vitio
591 966 680 1036 lapsus
693 965 739 1030 sit,
752 964 869 1018 dubitare
881 982 958 1020 nemo
969 966 1071 1036 poterit.
1088 965 1155 1018 Eece
1167 964 1215 1018 tibi
1225 963 1253 1018 iu
1264 963 1327 1030 hoc,
1340 964 1411 1036 qued
1422 972 1475 1018 tra·

309 1057 425 1119 ctamus,
436 1057 591 1122 argumento
603 1058 701 1122 quanta
712 1051 746 1104 sit
756 1050 866 1104 istorum
878 1049 1053 1106 characterum
1065 1049 1164 1104 utilitas
1174 1055 1249 1122 potes
1260 1049 1474 1106 animadvertere.

309 1137 383 1202 Quod
391 1139 470 1208 paule
479 1143 539 1208 post
546 1137 662 1208 Augusti
672 1141 784 1190 mortem
793 1135 856 1190 iuna
863 1135 986 1190 deiecerit
996 1137 1047 1190 etsi
1058 1135 1282 1190 exhietorioorum
1290 1135 1474 1190 teah'ticatione

309 1223 450 1288 credimus,
468 1229 509 1276 est
525 1239 558 1277 ea
572 1227 662 1278 tamen
673 1227 797 1278 constans
812 1221 913 1294 opinio,
931 1221 963 1276 de
978 1222 1053 1276 caius
1064 1222 1173 1276 veritate
1183 1237 1217 1276 ne
1227 1221 1357 1276 levissime
1368 1221 1475 1292 quidem

309 1309 449 1364 dubitatur.
471 1308 529 1362 Iam
544 1313 640 1379 quotus
655 1307 697 1362 hio
709 1323 796 1362 annus
807 1307 842 1362 sit
852 1323 928 1362 aeras
940 1305 1102 1364 Christianae
1113 1307 1254 1378 quaeritur.
1278 1305 1329 1372 Qui
1340 1306 1475 1378 cyclorum

209 1417 230 1457 p.
240 1407 283 1446 roa
309 1399 336 1448 et
347 1395 492 1465 ecciipseon
503 1393 656 1448 medsodnm
668 1392 807 1458 damant,
819 1408 888 1448 aune
901 1391 1064 1464 Dionysiano
1076 1411 1129 1450 avr.
1142 1393 1256 1448 tribuere
1267 1393 1359 1448 solent
1393 1391 1475 1462 Atqui

309 1481 384 1534 isost
395 1497 460 1544 aru,
476 1495 525 1534 nec
541 1479 596 1534 ulla
611 1495 727 1550 unquam
743 1479 903 1532 astronomia
919 1479 1001 1535 alium
1015 1477 1076 1532 huic
1092 1479 1211 1550 ecclipsi,
1229 1493 1295 1548 qnae
1311 1478 1401 1549 paucis
1413 1482 1475 1548 poet
1560 1540 1561 1544 ,

309 1565 423 1636 Augusti
434 1569 544 1620 mortem
561 1564 665 1628 diebus,
682 1563 829 1635 Septembri
844 1579 935 1618 mense
953 1565 1076 1634 contigit,
1092 1579 1190 1618 mnam
1207 1563 1319 1618 definiet.
1344 1562 1407 1627 Quis
1418 1580 1473 1616 nou
1560 1553 1561 1566 ¹

308 1651 389 1720 igitur
406 1667 439 1702 ex
457 1667 487 1704 ec
504 1649 597 1704 confici
612 1650 758 1704 necessario
775 1648 890 1720 putabit,
906 1649 1056 1720 Augustum
1071 1666 1146 1706 aerae
1157 1649 1320 1704 Christianae
1336 1664 1407 1704 anno
1418 1666 1472 1704 arv.
1560 1663 1561 1674 ¹

308 1743 441 1790 mortuum
458 1752 528 1800 esse,
545 1753 599 1788 non
611 1740 685 1792 xvi?
708 1735 787 1790 Vides
802 1735 929 1788 maiorem
945 1733 1060 1790 hnmana
1070 1734 1163 1799 iidem,
1180 1751 1239 1790 cnm
1254 1733 1370 1788 humma
1385 1739 1473 1788 tamen

308 1822 468 1891 immicatam
481 1828 508 1874 et
518 1837 677 1874 connexam:
696 1836 763 1890 qnae
774 1821 880 1874 tametsi
890 1819 1033 1886 humanae,
1050 1819 1099 1874 hoc
1112 1827 1151 1874 eet
1162 1821 1282 1885 alterim,
1298 1835 1351 1890 qua
1360 1819 1473 1874 saisisti

308 1907 433 1971 minuitur,
446 1911 515 1960 esset
526 1906 625 1970 similia,
637 1923 690 1960 nou
701 1905 759 1960 ideo
770 1911 858 1960 tamen
867 1905 1030 1977 aspernanda
1038 1905 1113 1974 ieret,
1125 1905 1194 1976 quod
1203 1904 1325 1971 hamane,
1336 1904 1383 1959 sed
1392 1905 1434 1960 vel
1443 1921 1472 1958 eo

309 1992 413 2046 nomine
425 1990 639 2056 commendanda,
652 1991 721 2061 quod
730 1991 763 2044 ed
771 1990 914 2046 humanam
922 1989 1037 2044 humana
1045 1989 1109 2044 tides
1119 1991 1249 2056 adiuncta,
1260 1989 1473 2046 utncnhumaua

308 2077 441 2142 maiorem,
452 2077 490 2130 ita
498 2076 617 2147 simplici,
626 2091 717 2147 eaque,
726 2093 779 2147 qua
787 2077 902 2132 contenti
909 2076 948 2130 iili
956 2077 1170 2142 eunt,oertiorem
1178 2075 1357 2132 credulitatem
1363 2081 1473 2148 pareret.

309 2229 353 2283 DE
362 2227 513 2286 VULGARJ
526 2228 689 2284 METRODO
703 2228 771 2294 Qus
783 2229 916 2284 CHRISTI
927 2229 1071 2284 NATALIS
1083 2227 1196 2284 ANNUS
1209 2229 1469 2288 lrtvnsstosnun.

629 2313 688 2369 UBI
703 2313 747 2370 ET
764 2314 809 2368 Dii
826 2315 918 2370 ΔΕΚΑ
934 2315 1150 2370 DIONYslan

376 2417 459 2472 Nimia
471 2419 554 2472 multa
563 2418 656 2472 iecisse
668 2417 747 2472 verba
758 2418 856 2485 videor,
871 2435 920 2474 nec
937 2419 1000 2474 dnm
1011 2424 1099 2472 tamen
1111 2417 1149 2472 rei
1160 2419 1242 2490 ipsius
1255 2425 1334 2491 capnt
1344 2419 1472 2490 attigisse.

309 2502 430 2558 Nondum
447 2505 517 2558 enim
534 2519 586 2575 qno
604 2520 672 2558 anno
689 2503 817 2574 quibusve
834 2509 990 2560 cesenates
1006 2505 1042 2558 sit
1057 2504 1235 2575 exposuimus.
1257 2505 1312 2560 Hoc
1323 2505 1405 2578 igitur
1416 2506 1473 2576 qui·
1562 2525 1563 2548 ι

308 2607 411 2662 cunque
423 2596 493 2644 certa
504 2590 604 2644 ratione
615 2589 773 2660 investigare
784 2590 871 2643 conati
882 2595 955 2655 sunt,
971 2590 1033 2644 iicet
1047 2607 1100 2644 non
1116 2589 1206 2644 eadem
1217 2589 1284 2644 inter
1295 2607 1323 2644 ae
1335 2593 1474 2658 remeunt,

309 2693 360 2730 uno
376 2681 464 2730 tamen
480 2675 622 2746 eodemque
633 2674 721 2730 Lucae
737 2675 887 2730 testimonio
901 2675 962 2728 ireti
979 2674 1093 2729 diversae
1108 2675 1136 2730 in
1152 2681 1241 2745 partes
1252 2675 1381 2730 abierunt.
1404 2676 1460 2730 Scri

307 2767 396 2832 pseret
407 2761 569 2832 evangelista
580 2761 741 2832 baptizatum
756 2777 813 2814 esse
830 2761 964 2816 dominum
981 2777 1050 2814 anuo
1066 2777 1110 2814 xv.
1122 2759 1232 2826 Tiberii,
1248 2779 1304 2814 caea
1320 2771 1385 2816 meet
1398 2765 1471 2831 queat

308 2865 430 2900 annerum
443 2851 565 2915 triptota.-
588 2845 635 2898 iet
652 2845 725 2906 aiche
742 2839 771 2912 ἦν
789 2843 910 2912 ὁἸησοῦς
925 2843 980 2906 dcet
995 2842 1057 2897 ἐτῶν
1073 2841 1202 2916 τριάκοντα
1219 2843 1355 2918 ἀρχόμενος
1370 2847 1420 2916 ise,
1436 2843 1469 2906 ὥς

308 2927 431 3000 ἐνομίζετο
443 2937 491 2986 otc.
515 2931 587 2996 Quae
599 2931 678 2985 verba
689 2947 772 2986 unum
782 2931 853 2985 istud
864 2929 1027 3001 significant,
1042 2947 1097 2986 non
1108 2931 1220 2986 multum
1231 2947 1248 2984 a
1258 2932 1390 2986 tricesimo
1401 2946 1469 2984 aune

309 3016 400 3070 aetads
412 3015 534 3072 ebtmsse.
554 3015 606 3069 Sed
618 3021 706 3072 utrum
714 3017 846 3070 tricesimo
857 3016 977 3072 absoluto
990 3021 1016 3070 et
1026 3017 1107 3070 altero
1120 3031 1150 3070 ae
1162 3016 1293 3073 tricesimo
1305 3017 1423 3083 ineunte,
1435 3032 1468 3070 au

308 3107 369 3170 post
379 3117 453 3156 ιιιι.
473 3101 579 3154 ineunte
591 3118 653 3154 ιιι.
665 3101 692 3154 id
707 3101 841 3167 acciderit,
859 3101 953 3156 diserte
968 3117 1021 3156 non
1038 3101 1179 3172 explicant.
1213 3101 1269 3156 Imo
1280 3119 1342 3158 vero
1353 3103 1414 3160 lieet
1423 3101 1469 3156 ali-

310 3185 367 3256 quis
379 3183 511 3240 Christum
523 3202 592 3240 anno
604 3203 712 3252 axvrn..
723 3187 765 3240 vel
773 3203 881 3252 xxxiia,
893 3186 1055 3257 baptizatum
1065 3203 1124 3242 esee
1135 3186 1217 3254 dicat,
1228 3205 1283 3242 uon
1292 3193 1382 3242 tamen
1392 3203 1469 3242 evau-

309 3271 407 3340 geiicae
419 3271 550 3324 autoritati
561 3286 620 3326 meo
632 3270 726 3326 iudicio
744 3277 883 3342 repugnet,
900 3271 931 3326 de
949 3287 1000 3342 qno
1017 3272 1185 3342 postmodum
1195 3272 1332 3330 ridebitur.
1356 3272 1410 3328 Sed
1422 3273 1468 3342 qai

309 3353 393 3408 Lucae
402 3354 481 3408 verba
491 3355 688 3426 angustioribus
699 3357 790 3428 spatiis
802 3357 1073 3427 circumscripsernnt‚
1089 3358 1134 3412 alii
1143 3375 1196 3414 ιιι
1213 3364 1276 3414 tuno
1287 3374 1370 3414 annos
1382 3359 1468 3428 exple

309 3445 350 3494 toa
361 3439 455 3505 inisse,
472 3441 517 3494 atii
528 3459 593 3496 xxrx
608 3441 737 3496 duntaxat
748 3442 848 3513 opinati
858 3449 927 3496 sunt.
945 3439 1053 3513 Utrique
1061 3459 1122 3498 vero
1131 3443 1291 3514 baptisatam
1298 3445 1391 3498 voinnt
1399 3442 1468 3498 Ghri-

310 3529 380 3580 stum
390 3525 507 3582 Geminis
519 3525 620 3580 duobus
633 3543 700 3582 coss.
712 3544 781 3582 anuo
793 3527 893 3582 iuliano
903 3545 1004 3593 nanu,
1017 3527 1086 3597 qnod
1097 3529 1124 3582 in
1136 3543 1198 3582 enm
1208 3529 1306 3584 incidat
1314 3529 1412 3586 Tiberii
1423 3545 1468 3584 an·

309 3627 359 3664 nus
371 3628 413 3666 xv.
425 3612 556 3682 superiore
568 3629 637 3668 anno
648 3629 683 3666 ex
694 3613 763 3670 AD.
773 3631 827 3668 arv.
834 3611 892 3668 nat.
902 3612 975 3684 Sept.
987 3611 1134 3670 inchoatus.
1151 3612 1224 3668 Unde
1235 3629 1295 3668 cum
1305 3615 1335 3668 in
1345 3615 1469 3686 baptismi

309 3712 377 3750 anuo
389 3697 558 3762 conveniant,
569 3697 597 3752 iu
608 3699 689 3754 natali
700 3699 757 3770 ipso
769 3715 822 3752 nno
834 3713 903 3752 muno
912 3697 1045 3757 dissident.
1061 3698 1176 3756 Priorem
1184 3698 1217 3754 de
1225 3700 1330 3771 expleto
1337 3700 1468 3756 hioeaimu

309 3797 379 3836 anno
395 3787 493 3836 sectam
510 3788 537 3836 et
551 3783 700 3854 opinionem
710 3784 825 3838 Annales
837 3783 1012 3838 Ecclesiastici
1027 3788 1185 3854 sequuntur,
1205 3784 1366 3856 eandemque
1382 3792 1470 3842 tuetur

308 3867 431 3922 acerrime
443 3867 561 3938 Scaliger
572 3887 608 3924 vr.
621 3869 652 3924 de
663 3868 771 3926 amens
782 3869 872 3941 Temp.
895 3869 948 3924 Sed
962 3885 1072 3940 magno,
1090 3875 1119 3924 ut
1133 3870 1211 3936 solet,
1227 3875 1322 3926 conatu
1337 3871 1470 3929 levhaime

307 3955 408 4022 probat
441 3953 485 4008 Sic
502 3953 572 4008 enim
583 3953 698 4010 disserim
716 3953 833 4008 Christus
844 3953 973 4010 Dominus
985 3973 1038 4012 ιιι
1051 3970 1133 4010 annos
1148 3955 1305 4010 absolverat.
1334 3955 1404 4013 Nam
1414 3975 1469 4012 ιιι

309 4053 434 4092 annorum
445 4041 468 4092 is
481 4055 539 4092 essa
551 4038 644 4094 dicitur
656 4040 702 4110 qui
712 4039 873 4094 tricesimum
884 4055 983 4096 amum
994 4041 1119 4094 absolvit:
1137 4046 1168 4094 ut
1183 4041 1320 4096 anniculus
1336 4047 1378 4096 eat
1388 4043 1412 4098 is
1423 4044 1470 4114 qai

310 4136 422 4178 occurs.
431 4124 500 4180 diem
511 4123 611 4195 attigit,
622 4124 783 4196 Leg.hnnic.
792 4125 824 4178 de
834 4125 910 4180 Verb.
920 4125 988 4197 sign.
1006 4125 1081 4191 Quod
1092 4131 1181 4180 antem
1191 4127 1296 4198 scripsit
1303 4126 1404 4194 hocas,
1415 4125 1469 4190 tue

309 4203 449 4278 optinuere,
465 4210 592 4280 particula
608 4210 661 4264 ista
672 4207 745 4280 Caph
756 4215 862 4264 estnon
873 4208 1032 4282 ἀκορηταδν,
1049 4211 1096 4266 aed
1107 4209 1233 4282 metreta,
1244 4213 1348 4268 utillud
1358 4211 1433 4268 Ioan-
1445 4215 1469 4266 l.

309 4296 383 4359 qusai
393 4298 516 4362 amoniti
527 4315 544 4348 c
551 4303 639 4364 patra.
655 4293 709 4350 Sed
718 4303 769 4350 ecte
774 4333 783 4359 ‚
794 4295 892 4368 iuquit,
905 4295 1064 4368 inoperata:
1076 4297 1163 4352 Pacci
1172 4301 1252 4366 igitar
1260 4299 1315 4352 dies
1323 4301 1469 4369 conplendo

309 4393 371 4432 xxx.
384 4395 450 4430 oeno
466 4381 585 4444 demunt,
598 4389 666 4450 pete
682 4397 730 4446 ιι,
746 4383 787 4434 oet
800 4387 906 4436 caeam.-
921 4401 1064 4452 qaauqauee
1080 4401 1111 4436 ae
1125 4387 1217 4436 meede
1226 4385 1325 4453 quiden
1335 4386 1470 4454 desuem

309 4463 435 4526 uideatur,
450 4467 475 4516 ei
488 4459 543 4524 ὡςεὶ
558 4461 710 4534 ἀπορητικῶς
725 4469 892 4537 necopinatam.
915 4465 968 4520 Sed
978 4472 1068 4521 mm
1080 4469 1245 4534 desideretur,
1257 4478 1303 4522 oet
1313 4471 1363 4523 dae
1373 4487 1470 4524 seem

309 4565 375 4602 eoae
387 4551 513 4600 tricesimo
524 4549 688 4614 obectcendo5
706 4561 731 4604 et
742 4553 796 4606 dies
807 4553 928 4622 baptismi
938 4563 988 4606 ecte
999 4569 1035 4611 vr.
1048 4554 1112 4616 lau,
1131 4553 1203 4623 Erpa
1214 4537 1298 4610 eodem
1311 4573 1380 4610 ocae
1386 4556 1468 4626 poete
