3126 5046
312 331 426 390 uuuxn

211 511 233 552 p.
242 499 285 542 sss.
312 489 424 562 dumque
436 491 642 562 praescripserit,
654 507 686 544 ne
698 507 768 544 nunc
779 491 883 562 quidem
895 491 1026 544 celebrare
1038 489 1111 545 aliter
1123 491 1219 546 iicebit.
1237 490 1339 562 Quippe
1346 489 1470 562 paschatis

311 576 371 630 iesti
388 576 535 630 celebrandi
552 577 679 630 rationem
697 578 807 630 ecclesia
824 575 952 632 catholica
970 593 998 630 se
1016 577 1049 630 ab
1067 577 1192 648 apostolis
1209 577 1341 647 accepisse
1352 581 1469 647 perpetue

312 662 431 733 professa
446 669 498 726 est,
515 663 590 715 Petro
608 663 735 734 imprimis
750 680 779 716 ec
791 663 872 716 Panlo
885 664 1062 733 apostolorum
1074 663 1243 733 principibus.
1266 663 1359 732 Atqui,
1375 662 1399 715 si
1415 661 1470 714 Sca·

312 747 423 818 ligerum
441 748 574 812 audimus,
591 765 643 800 non
662 750 747 801 solnm
763 749 875 819 apostoli
886 748 990 801 Iudaico
1007 765 1079 801 more
1096 755 1122 800 et
1132 747 1232 800 decima
1243 751 1336 817 quarta
1348 747 1390 802 die
1400 748 1472 800 tunae

312 831 409 904 pascha
421 839 567 886 constanter
578 839 699 903 egerunt,
717 851 769 886 non
785 839 871 886 autern
884 834 1027 898 dominica,
1044 835 1096 886 nisi
1113 834 1140 886 in
1152 851 1205 888 arv.
1217 833 1353 897 incideret,
1371 833 1416 886 sed
1431 849 1471 886 ne·

314 935 364 989 que
376 919 449 972 ahter
461 919 642 979 celebrandum
654 935 711 971 esse
724 919 779 972 suis
791 920 905 973 ecclesiis
915 919 1082 973 tradiderunt.
1100 917 1167 972 hiarn
1180 918 1204 970 si
1214 917 1240 971 id
1251 919 1375 988 egissent,
1388 933 1472 972 eorum

312 1019 376 1058 sane
387 1003 484 1074 posteri
495 1021 549 1058 nou
558 1005 691 1058 Iudaicum
703 1005 776 1058 iilum
789 1006 867 1058 ritum
877 1005 1142 1074 consuetudinemque
1154 1005 1310 1070 tenuissent,
1321 1019 1408 1075 nequa
1418 1019 1471 1057 cen·

313 1093 369 1142 tum
380 1095 448 1143 totos
460 1107 542 1143 annos
555 1083 850 1160 Τεαοαρεςκαιδεκάτιτῶν
867 1090 983 1144 haeresin
996 1097 1067 1144 totus
1079 1089 1240 1143 Christianus
1258 1091 1327 1143 erbis
1343 1095 1413 1143 esest
1423 1105 1472 1142 am·

312 1175 414 1246 plexus.
448 1175 538 1246 Neque
556 1176 723 1228 condemnari
734 1176 771 1229 ilii
785 1193 814 1228 ac
826 1193 872 1246 pro
887 1173 1022 1230 haereticis
1039 1175 1127 1229 haberi
1145 1181 1297 1246 potuerunt,
1316 1177 1361 1246 qui
1377 1175 1405 1228 in
1421 1177 1472 1228 eius

313 1260 374 1314 testi
386 1261 571 1324 celebratione,
584 1263 657 1315 cuius
670 1261 833 1314 autoritatem
846 1262 954 1314 ecclesia
966 1262 1029 1316 solis
1042 1263 1074 1315 ab
1087 1262 1210 1334 apostolis
1226 1262 1330 1332 repetit,
1349 1261 1471 1332 apostole·

313 1363 371 1400 rum
388 1347 508 1418 exempto
524 1351 601 1416 atque
617 1348 761 1400 imitatione
779 1348 930 1400 niterentur.
952 1347 1031 1417 Atqui
1043 1351 1142 1400 veteres
1160 1363 1251 1400 omnes
1269 1351 1369 1417 patres,
1388 1361 1471 1400 earnes

314 1433 418 1502 synodi,
437 1449 502 1502 quae
521 1433 551 1485 de
569 1433 701 1485 communi
719 1439 743 1485 et
759 1447 774 1484 a
790 1433 915 1485 Romanis
931 1433 1083 1504 praesertim
1100 1439 1178 1503 atque
1190 1432 1393 1486 occidentalibus
1406 1447 1471 1484 neur-

313 1525 375 1589 peso
388 1517 519 1589 paschatis
531 1517 583 1571 ritu
594 1518 780 1582 meminerunt,
798 1521 843 1570 aut
859 1517 990 1571 decretum
1008 1517 1112 1587 aliquod
1125 1518 1270 1582 ediderunt,
1288 1533 1341 1570 uno
1360 1533 1404 1570 ore
1420 1533 1472 1588 pto·

314 1602 427 1668 fitentur,
443 1603 510 1656 hanc
527 1603 560 1657 ab
572 1603 695 1673 apostolis
708 1603 921 1657 cousuetudinem
934 1603 1050 1656 ecclesiis
1062 1603 1142 1658 inisse
1153 1603 1289 1668 traditam3
1304 1619 1390 1672 neque
1406 1603 1473 1655 aliter

315 1705 348 1742 ex
360 1689 463 1742 iliorum
476 1691 621 1753 autoritate,
634 1705 713 1760 quam
726 1687 856 1742 dominica
866 1689 914 1752 die,
927 1689 1003 1760 idque
1015 1695 1075 1759 post
1086 1691 1174 1742 tunam
1187 1707 1248 1753 xre,
1261 1694 1286 1742 et
1298 1695 1325 1742 ut
1338 1688 1473 1741 unoverbe
1539 1752 1545 1772 ι

315 1774 411 1839 dicam,
423 1774 474 1828 alio
487 1791 565 1845 quarn
579 1775 611 1827 ab
624 1775 725 1827 iudaeis
738 1775 880 1828 instituitur
889 1791 960 1828 more
972 1789 1002 1828 ac
1014 1781 1130 1845 tempore
1142 1773 1324 1827 celebrandum
1337 1789 1404 1834 esse,
1421 1773 1472 1826 lite

314 1861 370 1914 nim
381 1859 511 1914 Nicuenus
523 1860 566 1912 ills
583 1877 734 1924 consessus,
753 1859 845 1930 quide
862 1857 984 1931 paschate
1001 1861 1162 1913 sanctionem
1178 1859 1268 1924 edidit,
1286 1859 1348 1930 quid
1366 1859 1399 1912 de
1415 1861 1472 1912 ritus

314 1947 383 2001 iilius
393 1951 520 2000 vetustate
530 1946 646 2009 senserit,
659 1961 691 1998 ex
702 1945 866 1998 Constantini
874 1946 910 1999 hi.
920 1946 1030 2016 epistola
1042 1947 1135 1998 coniici
1146 1951 1238 2016 potest,
1251 1961 1330 2015 quam
1343 1961 1376 1998 ax
1390 1945 1474 1997 eodem

316 2032 425 2085 concilio
438 2031 550 2102 scripsit.
571 2030 659 2084 Refert
670 2031 742 2083 illam
755 2031 883 2085 Eusebius
896 2031 938 2086 tib.
949 2049 988 2085 nr.
1002 2031 1033 2084 de
1045 2029 1106 2084 Vita
1118 2030 1294 2095 Constantini,
1306 2034 1333 2083 et
1345 2047 1378 2083 ea
1391 2045 1422 2082 eo
1434 2029 1475 2082 Sc·

262 2103 265 2110 ’
315 2121 413 2182 crates,
430 2115 608 2170 'theodoretus
623 2116 713 2170 etalii.
749 2117 778 2170 In
791 2133 843 2187 qna
855 2133 913 2170 cum
926 2118 952 2170 in
965 2115 1074 2170 ludaeos
1087 2133 1117 2170 ac
1128 2115 1226 2169 Iudaici
1236 2114 1370 2186 paschatis
1382 2131 1475 2170 meren

316 2202 402 2255 acrius
419 2207 488 2255 esset
505 2203 634 2264 insectus,
652 2201 703 2254 iste
721 2202 836 2254 subiicit:
871 2199 970 2263 Ἔξεστι
982 2201 1028 2272 γὰρ
1043 2207 1085 2253 τοῦ
1098 2199 1194 2254 ἐκείνων
1206 2199 1286 2262 ἔθνους
1300 2199 1476 2268 exoptassem

316 2283 465 2356 dhqdeurlpq
476 2283 552 2354 τάξει,
564 2286 593 2352 ἣν
606 2283 632 2338 ἐκ
644 2286 742 2355 πρώτης
754 2291 798 2337 τοῦ
811 2285 902 2348 πάθους
914 2286 1005 2357 ἡμέρας
1018 2283 1075 2358 ἄχρι
1088 2287 1127 2338 καί
1139 2291 1183 2338 τοῦ
1195 2287 1317 2358 παρόντος
1329 2283 1475 2356 ἐρυλᾶξαριιν

317 2371 357 2424 aci
369 2369 408 2424 sse
419 2371 476 2431 robe
488 2370 624 2441 μελλοντας
643 2369 731 2431 αἰῶνας
749 2370 792 2438 τὴν
810 2375 852 2438 τῆς
865 2370 1024 2442 ἐπιτηρέσεως
1037 2373 1125 2438 ταύτης
1137 2371 1313 2442 συμπλήρωσιν
1330 2369 1476 2424 tarsenses.
1551 2375 1552 2408 t

316 2455 399 2524 Μηδὲν
417 2457 496 2509 τοίνυν
513 2452 576 2509 ἴστω
593 2455 651 2526 ἡμῖν
669 2455 749 2508 soruba
762 2453 878 2528 perderet
891 2455 1004 2528 ἐχθίστου
1017 2460 1066 2510 τῶν
1078 2455 1204 2510 Ἰουδαίων
1217 2453 1303 2528 ὄχλου.
1340 2454 1476 2528 Εἰλήραρεν

317 2541 364 2614 γὰρ
382 2541 449 2614 παρὰ
466 2547 510 2594 τοῦ
528 2541 643 2612 Σωτῆρος
662 2540 720 2594 eece
738 2541 829 2612 ἑτέραν.
868 2543 939 2596 Licet
951 2547 1014 2596 enim
1027 2545 1126 2596 iliorum
1138 2551 1211 2612 pente
1223 2544 1375 2613 repudiata,
1387 2545 1477 2596 seriori

316 2631 406 2682 ordine
417 2647 486 2700 quesn
500 2647 516 2681 a
525 2633 611 2698 primo
624 2631 665 2681 die
672 2631 804 2698 passionis
816 2629 852 2680 nd
863 2628 910 2682 doc
922 2647 997 2700 usqne
1012 2637 1106 2699 tempus
1122 2633 1254 2692 tenuimus,
1272 2630 1411 2697 adsutum
1426 2645 1477 2680 sne·

318 2716 377 2768 cuia
389 2715 572 2768 observationis
589 2715 819 2784 iltiussursoticuem
835 2716 985 2785 perducere.
1024 2714 1189 2777 Quamobrem
1207 2713 1273 2765 aridii
1287 2719 1322 2766 ss't
1339 2715 1411 2766 uobis
1428 2731 1477 2764 cum

317 2801 475 2854 odiosissime
488 2801 641 2853 Indaeorum
654 2799 728 2852 turbo
742 2817 872 2852 commeans.
905 2799 962 2852 Nos
974 2803 1036 2852 enim
1051 2801 1130 2852 etium
1143 2803 1210 2852 ciam
1223 2819 1239 2851 α
1251 2797 1390 2852 Sulcatore
1401 2799 1478 2851 tredi-
1550 2807 1551 2816 ¹

317 2897 368 2939 rom
390 2889 542 2955 accepimus.
577 2884 689 2954 Cyrtiius
709 2885 899 2938 Alexandrinus
919 2887 1025 2956 insuper
1046 2886 1072 2938 in
1090 2885 1259 2938 Heortaettcis
1280 2886 1417 2949 omnibns,
1438 2883 1479 2936 ubi

317 2971 551 3043 quadragesimalis
562 2971 652 3024 ieiunii
663 2977 689 3022 et
701 2969 829 3041 paschatis
841 2979 959 3042 tempora
971 2971 1135 3042 praescribit,
1147 2969 1287 3023 identidem
1297 2969 1362 3022 κατὰ
1370 2967 1414 3030 τὰς
1423 2965 1479 3020 ἆτο-

318 3053 431 3117 οτολικίις
441 3055 587 3127 παραδόσεις
596 3073 624 3109 se
637 3071 667 3108 ea
679 3055 779 3109 tradere
791 3057 935 3126 significat,
947 3057 1063 3110 maxime
1074 3057 1102 3108 in
1114 3055 1186 3110 Orat.
1196 3073 1242 3110 vu.
1254 3072 1298 3110 xv.
1312 3073 1367 3120 xx,
1380 3054 1479 3108 statiis.

318 3139 390 3198 idern
406 3147 517 3194 testetur
534 3147 560 3194 et
576 3141 628 3194 Leo
647 3157 715 3212 pape
732 3142 759 3194 iu
778 3141 888 3212 epistola
906 3143 938 3195 ad
955 3141 1089 3195 Proterum
1104 3140 1310 3194 Alexandrinum
1327 3141 1479 3211 praesulem,

319 3243 398 3297 quam
410 3227 473 3280 citat
484 3225 555 3280 Beda
567 3227 611 3281 lib.
625 3227 656 3279 de
669 3229 852 3297 Aequinoctio,
867 3233 892 3280 et
904 3229 949 3282 lib.
962 3227 992 3280 de
1005 3225 1095 3297 Temp.
1109 3226 1166 3279 Rat.
1184 3241 1240 3296 cap.
1252 3243 1318 3280 surr.
1354 3225 1405 3279 Ubi
1416 3225 1479 3278 hiar-
1549 3217 1550 3265 i

319 3329 379 3366 cum
391 3313 480 3366 scribit
492 3329 508 3364 a
519 3313 595 3366 Petro
607 3312 726 3366 didicisse
740 3313 885 3368 celebrandi
897 3311 1028 3383 paschatis
1040 3313 1126 3366 ritum.
1161 3311 1279 3381 Denique
1297 3327 1376 3365 nemo
1394 3315 1432 3363 est
1449 3325 1479 3361 ex

320 3399 416 3451 sanctis
428 3397 557 3468 patribus,
575 3398 620 3468 qni
637 3415 689 3450 non
708 3397 861 3451 catholicum
874 3399 989 3452 solennis
1000 3399 1070 3452 illius
1083 3399 1159 3451 ritum
1170 3397 1378 3452 vetustissimum
1390 3411 1446 3450 esse
1457 3399 1480 3446 ct

320 3483 353 3537 ab
365 3483 489 3553 apostolis
501 3483 564 3554 ipsis
577 3499 697 3538 manasse
708 3484 828 3538 fateatur.
1548 3507 1549 3538 ι

388 3567 455 3622 Nam
470 3569 539 3639 quod
550 3567 692 3624 Eusebium
708 3575 734 3622 et
750 3569 937 3624 ecclesiasticae
954 3571 1090 3641 scriptores
1107 3569 1241 3634 historiae,
1260 3573 1338 3639 atqne
1357 3569 1423 3622 inter
1439 3582 1481 3619 eos

319 3653 491 3708 novissimum
503 3653 690 3724 Nicephorum,
707 3655 894 3726 subscriptores
905 3653 1000 3708 heb'erc
1013 3672 1040 3708 se
1053 3655 1114 3708 dicit
1126 3655 1252 3724 Scaliger,
1268 3653 1401 3707 manifesti
1413 3669 1481 3706 men

320 3739 389 3793 dacii
399 3743 507 3793 tenetur.
525 3739 652 3793 Eusebius
666 3739 733 3792 euim
747 3747 838 3793 contra
850 3737 1003 3792 catholicum
1016 3741 1127 3794 obeundi
1136 3739 1268 3811 paschatis
1277 3755 1387 3804 morem,
1400 3737 1481 3792 cuins-

321 3825 392 3880 rnodi
408 3823 441 3877 ab
455 3823 663 3878 Occidentalibus
681 3831 706 3877 et
724 3825 848 3878 Romanis
866 3825 982 3878 maxime
1000 3831 1117 3878 servatus
1135 3831 1186 3891 est,
1207 3825 1332 3895 apostolis
1353 3823 1481 3876 adscribit
1547 3881 1548 3908 ρ

321 3909 389 3966 Nam
401 3927 456 3982 cap.
469 3909 513 3963 ilio
526 3927 601 3963 xrrrr.
614 3911 657 3965 tib.
668 3929 699 3974 sn,
717 3911 762 3963 ubi
774 3912 924 3963 acerrimam
938 3911 969 3963 de
982 3910 1105 3980 paschate
1117 3911 1318 3974 dissensionem,
1334 3925 1401 3979 qnae
1417 3909 1482 3960 iuter

322 3995 451 4052 Victorem
462 4011 558 4066 papam
571 4001 596 4049 et
606 3997 732 4049 Asiaticos
745 3995 872 4066 flagravit,
885 3995 1002 4066 pluribus
1015 4003 1207 4060 commemorat,
1220 3995 1350 4048 Asiaticos
1362 3995 1437 4048 reiert
1449 4007 1479 4044 ax

323 4085 429 4153 antiqua
440 4079 577 4135 traditione
590 4099 642 4136 xiv.
656 4083 754 4146 lunam,
767 4097 948 4151 quamcunque
961 4083 987 4134 in
1000 4081 1068 4134 diern
1080 4081 1211 4145 incideret,
1226 4079 1357 4133 dominico
1368 4075 1481 4150 paschati

237 4211 243 4224 .
291 4167 469 4239 .peragendo
487 4167 676 4238 praefinirisse:
695 4165 740 4217 οὐκ
758 4163 825 4227 ἔθους
844 4162 913 4227 ὄντος
931 4171 1018 4218 τοῦτον
1035 4165 1150 4218 ἐπιτελεῖν
1163 4166 1204 4216 rhu
1217 4167 1309 4234 τρόπον
1321 4169 1373 4225 ταῖς
1385 4161 1428 4216 ἀνὰ
1440 4161 1480 4226 τὴν
1546 4183 1547 4196 ι

323 4251 409 4320 λοιπὴν
423 4252 519 4305 ἃπασαν
532 4250 674 4322 οἰκουμένην
684 4249 820 4316 ἐκκλησίαις
833 4250 856 4313 ἐξ
869 4250 1030 4317 deseruistis
1044 4253 1203 4322 παραδόσεως
1213 4251 1241 4301 rb
1251 4251 1291 4302 nui
1302 4249 1333 4312 εἰς
1346 4251 1416 4322 δεῦρο
1424 4265 1480 4316 apu-

323 4339 398 4404 τῆσαν
411 4335 463 4399 eboc
476 4337 665 4408 ρυλαττούσαιςι
688 4337 747 4389 Cum
763 4355 790 4388 eo
802 4343 852 4390 ritu
865 4339 1013 4390 ccisimnrdi
1025 4339 1173 4390 constestnrio
1186 4357 1232 4388 ιιοιι
1246 4347 1310 4388 esset
1321 4337 1423 4406 reliquis
1433 4343 1478 4384 ter·

323 4441 410 4475 rarum
424 4423 492 4475 orbis
503 4425 629 4487 ecclesiis,
646 4441 709 4492 quus
726 4441 756 4474 es
772 4425 912 4492 apostolica
926 4426 1063 4475 traditione
1076 4441 1165 4474 errrorem
1178 4423 1246 4472 ilium
1260 4421 1426 4474 observabant
1440 4417 1481 4484 qai

326 4509 362 4561 nd
372 4507 418 4560 boc
430 4525 505 4576 usque
517 4499 610 4578 tempus
621 4509 733 4560 obtinuit.
756 4507 823 4560 Turn
836 4523 890 4578 cap.
901 4527 971 4561 xxm.
997 4508 1095 4560 irenaei
1108 4508 1140 4559 ad
1151 4508 1282 4560 Victorem
1299 4505 1430 4576 epistolam
1447 4501 1479 4550 ci·
1545 4497 1546 4500 ’

325 4597 376 4655 tat,
388 4592 413 4644 in
426 4605 479 4660 qua
489 4589 562 4644 illurn
573 4591 733 4658 hortabatur,
746 4597 774 4646 ut
785 4609 818 4645 ne
828 4597 932 4662 propter
940 4593 1097 4646 contrariam
1106 4592 1260 4645 Asianorum
1271 4587 1478 4645 consuetudinem
