3166 5044
309 307 538 374 xuvm‘

310 459 426 526 ratioet
439 467 560 524 limatae
573 467 746 534 Quamobrem
756 484 810 524 non
821 468 964 524 seeundum
972 465 1181 540 ἂκριβολογίανζοο
1188 467 1470 540 ωρωλεξίανΗοΙνιαίοι

308 573 361 612 rex
378 556 514 628 θεραπεύειν
531 560 621 622 sonat,
641 554 687 610 sed
705 553 903 626 ροτρληνιτικῶς,
923 555 1101 620 ntetlerum,
1119 555 1406 627 quiproprierotoator
1417 561 1469 622 eet,
1571 593 1572 604 ν

308 644 430 696 medum
441 658 473 698 ao
485 651 628 696 mucorem
638 657 692 696 non
703 640 867 696 incommode
879 642 1042 712 interpretari
1052 642 1138 696 hosat
1172 642 1233 712 Ipso
1242 645 1307 694 enim
1318 643 1418 696 soloen
1423 646 1469 712 fo·

309 729 486 800 cietpopotom
502 748 521 782 o
528 731 646 800 ριοοοτίν
657 746 753 792 emm,
765 728 804 782 ait
814 727 922 796 angelus
934 726 996 782 Luc.
1009 727 1033 780 2.
1051 725 1125 791 Quod
1133 726 1352 797 quemadmodum
1360 727 1469 798 prueh'·

307 814 367 868 tere
377 813 591 869 deelthenun
601 814 697 868 Actu:
718 813 930 883 Quipertromstt
940 814 1118 882 benefaciendo
1135 822 1160 866 et
1176 813 1308 866 liberando
1325 829 1410 866 omnes
1427 832 1469 883 op·

303 917 408 970 pressos
419 901 528 954 diabolo.
561 898 633 952 Adde
644 899 698 952 ianr
710 897 839 953 Graecum
850 915 884 952 ex
895 899 1040 970 propinquo
1052 898 1220 970 rqoabulnur,
1231 898 1301 968 quod
1309 899 1342 951 ab
1349 899 1469 952 Hebraeo
1571 939 1572 978 3

308 989 336 1038 et
346 985 559 1056 pronunciatione
571 990 598 1038 et
607 1001 668 1040 vero
680 989 808 1056 potestate
819 1001 873 1038 non
884 983 1023 1038 admodum
1035 983 1201 1049 adhorrebat;
1214 983 1282 1038 unde
1292 984 1407 1038 nominis
1418 984 1469 1036 ista
1571 983 1572 1044 l

306 1071 406 1126 notatio
417 1070 519 1143 prodiit
552 1070 651 1126 lisdem
662 1087 738 1142 porro
755 1071 877 1142 leguntur
892 1070 962 1141 apud
977 1069 1103 1139 cyrillum
1119 1068 1220 1124 Ooteoh
1232 1088 1267 1124 rr.
1301 1067 1409 1136 Ἰησοῦς,
1430 1070 1468 1122 in-

307 1157 375 1228 quit,
387 1157 466 1210 rolens
477 1153 529 1210 luat
540 1153 603 1210 auri
615 1155 658 1227 plu
670 1153 797 1227 ’Ἑβραίους
809 1155 911 1226 Σωτήρ,
924 1151 987 1208 κατὰ
998 1153 1024 1208 bl
1036 1153 1078 1222 τὴν
1091 1152 1202 1208 Ἐλλάδα
1213 1155 1329 1226 γλῶσσαν
1340 1154 1369 1206 rb
1382 1152 1469 1226 ’luipra-

97 1271 99 1276 ·
196 1285 199 1291 .
306 1261 353 1305 νος
372 1240 453 1311 ἐπειδὴ
464 1241 547 1313 ἰατρός
559 1240 610 1296 luat
621 1241 708 1314 ψυχῶν
720 1240 760 1294 ael
771 1239 908 1313 empireus,
921 1240 961 1294 sul
972 1239 1116 1312 θεραπευτὴς
1128 1239 1279 1312 πνευμάτων.
1297 1240 1370 1305 Quae
1379 1241 1469 1294 omnia

305 1329 413 1383 comiter
428 1326 579 1400 accipienda
595 1333 668 1392 snut,
689 1343 743 1381 non
757 1332 789 1380 nt
807 1327 841 1382 ab
859 1324 971 1380 idoneior
988 1327 1127 1382 deductum
1147 1331 1191 1380 τοῦ
1208 1325 1290 1393 Ἰησοῦ
1309 1327 1468 1380 uocabulum

305 1413 526 1480 dixerintPatree,
543 1413 589 1468 red
600 1417 630 1466 nt
640 1412 746 1468 notione
764 1428 795 1467 ao
811 1413 1001 1484 significatione
1019 1412 1147 1468 Graecum
1163 1429 1259 1468 nomen
1274 1428 1334 1466 oum
1349 1412 1467 1467 Hebraeo

305 1499 442 1554 conuenim
453 1498 639 1555 demonstrent.

371 1584 403 1638 N.
415 1603 439 1638 e.
458 1583 544 1656 libpore
562 1584 584 1637 δ’
601 1579 641 1655 ἄν,
665 1577 837 1656 ὦριλολόγο]
877 1585 942 1638 ilinc
958 1585 1018 1638 illae
1038 1584 1175 1654 lacrymae.
1210 1583 1318 1654 Scripsit
1332 1582 1407 1638 Philo
1424 1584 1467 1638 In·

305 1669 385 1724 daeus
406 1670 437 1724 de
454 1669 570 1736 Εωοοὶν,
581 1670 624 1725 rel
634 1669 752 1736 Essenis,
770 1671 849 1725 libros
861 1671 972 1741 aliquot,
991 1685 1102 1741 quorum
1112 1687 1180 1724 unns
1191 1670 1340 1724 inscribitur
1351 1668 1409 1740 Περὶ
1421 1673 1466 1722 τοῦ

304 1755 384 1810 πάντα
395 1756 529 1810 σπουδαῖον
542 1749 600 1809 εἶναι
611 1753 742 1826 ἱλεύθερον.
771 1757 844 1810 Alius
856 1755 915 1826 Περὶ
931 1755 985 1826 βίου
1001 1755 1160 1826 θεωρητικοῦ,
1177 1754 1291 1822 dixerim
1307 1753 1405 1826 ἀρετῶν.
1436 1753 1466 1809 ln

303 1841 335 1896 iis
347 1842 398 1896 dno
409 1842 567 1897 Emennrnm
578 1857 676 1912 genera
686 1841 827 1896 constitnit.
862 1840 949 1896 Unum
964 1842 1013 1894 τῶν
1030 1843 1183 1912 πρακτικῶν,
1200 1841 1245 1912 qui
1261 1842 1289 1894 in
1305 1839 1406 1912 oppidis
1423 1857 1465 1894 so·

304 1929 396 1984 einim
406 1930 488 1984 ritum
498 1927 649 1992 inmittunt,
660 1927 810 1998 nuptiarum
821 1933 953 1998 expertes:
970 1927 1080 1982 alterum
1092 1931 1140 1980 τῶν
1157 1927 1323 1998 θεωρητικῶν,
1343 1925 1388 1996 qui
1403 1943 1465 1980 oon·

304 2013 468 2085 templationi
478 2018 548 2067 totos
560 2027 617 2066 seee
628 2012 798 2078 madidarent,
810 2027 840 2066 ac
851 2013 943 2083 procul
954 2012 987 2066 ab
998 2013 1098 2068 urbano
1110 2013 1220 2084 strepltu
1230 2012 1259 2066 iu
1269 2013 1340 2082 agris
1352 2027 1382 2065 ao
1391 2027 1465 2083 pree·

303 2099 393 2152 sertim
408 2098 442 2152 ad
456 2098 640 2163 ldareotidem,
658 2098 687 2152 in
704 2096 818 2167 οερντίοις
835 2103 862 2152 et
877 2097 1045 2169 peramplus
1066 2097 1197 2168 degerent.
1230 2097 1378 2151 Postremus
1398 2098 1465 2150 istos
1571 2163 1572 2168 Ἰ

303 2183 431 2240 Eusebius
443 2182 602 2238 Christianos
612 2183 694 2236 fuisse
710 2183 817 2237 eredidit
833 2183 849 2236 l.
862 2183 928 2237 Hist.
940 2202 968 2238 11.
980 2200 1002 2238 c.
1013 2183 1064 2249 40,
1082 2184 1224 2254 eademqne
1240 2183 1389 2252 Hieronymi
1406 2197 1464 2236 cae-

303 2275 470 2340 terorumque
480 2268 587 2322 Petrum
599 2269 686 2339 opinio
698 2267 758 2335 luit,
779 2284 859 2340 qnam
869 2268 1029 2340 Epiphanius
1046 2275 1151 2324 secutus
1167 2275 1213 2324 est.
1248 2268 1301 2323 Sed
1315 2267 1365 2322 hoo
1380 2283 1463 2322 unum

211 2375 235 2416 p.
248 2365 278 2408 aa.
304 2354 375 2408 addit
385 2371 419 2408 ex
431 2355 591 2420 coniectura,
606 2355 724 2409 lesseeos
735 2354 793 2408 illos
803 2355 837 2409 ab
847 2355 918 2409 Iesse
931 2355 1037 2410 Doridis
1053 2361 1126 2426 patre
1141 2356 1298 2410 nominatos.
1332 2353 1407 2418 Quod
1416 2371 1462 2424 po·

303 2446 429 2494 emensum
439 2439 526 2494 minus
538 2439 677 2494 verisimile
687 2444 758 2512 puto.
792 2439 881 2511 Neque
894 2440 975 2507 enirn,
988 2441 1092 2511 opinor,
1108 2456 1223 2511 usquam·
1235 2441 1331 2511 legitur
1347 2440 1462 2494 Iereuo·

302 2541 362 2581 rum
372 2541 469 2580 nomen
480 2523 632 2580 Christianis
643 2525 809 2592 attributum,
826 2531 852 2580 et
862 2525 973 2580 Eseaeos
988 2527 1060 2592 illos,
1076 2543 1129 2580 nnn
1140 2525 1257 2580 Iessaeos
1274 2524 1406 2580 aPhilone
1417 2542 1462 2596 ap-

301 2611 412 2684 pellatos
423 2627 480 2666 esse
492 2616 600 2666 conrmt
635 2610 704 2665 Sane
716 2612 740 2664 si
749 2610 847 2666 Iessaei
862 2627 979 2682 unquam
995 2611 1135 2666 Christiani
1150 2612 1237 2666 vocati
1255 2617 1329 2677 sunt,
1348 2613 1462 2666 multum

301 2698 329 2752 id
340 2698 374 2752 ad
384 2702 514 2770 receptam
524 2697 596 2752 illam
613 2711 645 2751 eo
661 2702 774 2752 veterem
791 2697 940 2768 opinionem
956 2697 1153 2752 aestuandum
1163 2697 1253 2763 faciet,
1270 2713 1336 2768 qnae
1353 2696 1461 2752 Εεοοοο·
1571 2697 1572 2708 ’

301 2799 360 2838 rum
370 2785 477 2839 nomine
488 2782 648 2840 Christianos
660 2780 793 2838 al’hilono
804 2782 1006 2855 comprehensor
1019 2783 1117 2838 statuit
1145 2785 1183 2837 Ao
1198 2783 1313 2854 proiecto
1324 2783 1382 2836 fieri
1391 2782 1461 2836 istud

301 2870 399 2941 potuit,
421 2875 452 2924 ut
469 2883 531 2923 enm
550 2873 610 2923 ants
627 2867 787 2925 Christianae
808 2869 942 2940 religionis
963 2875 1048 2924 ortum
1068 2868 1161 2923 Esseni
1179 2868 1220 2922 hie
1239 2868 1354 2922 moribus
1377 2883 1460 2939 eoque
1571 2941 1572 2944 Ἴ

300 2954 370 3008 ritae
380 2955 511 3020 instituto,
530 2954 599 3025 quod
609 2955 636 3008 in
647 2955 731 3025 priore
741 2955 808 3009 libro
819 2955 892 3009 Philo
904 2955 1048 3026 praedicet,
1063 2954 1091 3008 in
1102 2955 1221 3025 aegypto
1232 2951 1366 3020 florerent,
1381 2959 1460 3025 atque
1571 2965 1572 3012 3

299 3039 367 3093 inter
381 3039 490 3094 ludaeos
505 3046 534 3094 et
548 3045 636 3094 ament
651 3045 678 3092 et
693 3039 850 3096 haberentur
869 3041 1038 3106 sanctssimi,
1058 3046 1229 3111 posteaquam
1248 3044 1352 3094 auctore
1370 3042 1459 3098 Marso
1571 3049 1572 3058 ¹

301 3123 506 3178 Christianorum
523 3140 606 3194 genus
622 3125 721 3191 extitit,
743 3141 855 3196 qnorum
874 3125 942 3180 ritae
958 3127 1023 3180 ratio
1040 3125 1130 3197 primis
1150 3126 1202 3179 illis
1222 3127 1382 3196 temporibus
1397 3143 1459 3182 oum
1571 3147 1572 3166 ν

300 3208 458 3264 Rseenorum
469 3209 605 3280 diaoipline
615 3225 772 3282 magnopere
783 3212 955 3282 congruebat,
975 3213 1009 3266 ab
1020 3211 1203 3266 Alexandrinis
1215 3212 1355 3281 gentilibus
1366 3212 1459 3267 iissem
1571 3259 1572 3272 ,

301 3295 354 3348 rint
369 3295 463 3350 uocati.
498 3294 568 3361 Quos
580 3295 651 3350 enim
661 3296 816 3363 etludaeos,
826 3304 889 3352 tnnc
898 3297 1014 3369 quidem,
1027 3313 1116 3351 omnes
1124 3296 1253 3362 uiderent,
1265 3303 1291 3350 et
1300 3297 1459 3353 Essenorurn
1571 3313 1572 3340 ἐ

300 3397 465 3435 οοωωοωοω
480 3381 554 3435 illam
567 3381 636 3436 ritae
653 3381 781 3438 rationem
803 3389 881 3454 ωριτε
900 3383 934 3437 ab
955 3383 1026 3437 omni
1044 3383 1110 3436 luxu
1130 3388 1157 3436 et
1171 3381 1312 3436 ambit‘one
1330 3389 1458 3437 remotam
1571 3387 1572 3458 J

300 3467 500 3536 complectentes
516 3473 660 3534 cernerent,
679 3474 780 3523 comet
796 3469 894 3540 alioqui
910 3485 945 3524 ex
960 3469 1119 3523 damnorum
1134 3467 1239 3522 Iudaica
1253 3468 1366 3523 faotione
1382 3471 1458 3540 pleri·
1571 3463 1572 3514 i

300 3567 351 3623 qne
362 3567 391 3606 ee
401 3551 436 3604 ed
447 3549 606 3608 Christianos
617 3560 818 3626 aggregassent,
833 3554 964 3626 quodnam
979 3555 1012 3608 iis
1027 3554 1096 3609 ahud
1107 3569 1203 3608 nomen
1211 3569 1291 3624 quarn
1300 3553 1458 3610 Eseaeornnr
1571 3591 1572 3598 τ

299 3635 471 3708 effingerent?
493 3636 560 3692 Nam
575 3643 602 3692 et
617 3639 662 3692 din
676 3645 769 3711 postea
784 3639 924 3694 Christiani
940 3657 1030 3695 ornnes
1046 3639 1222 3694 aGraecisao
1232 3639 1358 3694 Romanis
1368 3641 1458 3696 Intimi

298 3723 426 3778 nominati
443 3727 469 3777 ot
484 3740 531 3795 pro
547 3723 648 3778 Indaeis
663 3723 746 3780 babiti
762 3732 834 3792 τροις
854 3731 884 3780 at
900 3743 953 3780 non
964 3723 1106 3782 absurdum
1117 3726 1152 3778 eit
1162 3723 1329 3780 Philonianoa
1340 3727 1400 3780 illos
1410 3726 1456 3781 Es·

298 3823 374 3864 saeos
384 3809 543 3879 θεωρητικοὶνς
552 3807 711 3865 Christianos
719 3811 808 3866 fumeo.
826 3811 897 3876 Quae
907 3811 1338 3881 antemsdversnseemagnoonm
1345 3815 1456 3884 strepitu

299 3909 330 3948 ao
341 3893 473 3950 mmaoho
484 3894 661 3966 disputentur,
672 3912 732 3950 oum
743 3906 790 3951 aut
800 3897 868 3951 leuia
878 3897 931 3951 sint
940 3904 987 3952 ant
996 3897 1073 3952 imile
1085 3897 1192 3951 ffissolri
1202 3898 1324 3968 possint,
1333 3897 1398 3952 nihil
1409 3900 1457 3953 erit

299 3980 368 4049 qnod
378 3997 428 4036 noe
439 3981 630 4036 vetmtisalmee
640 3982 710 4035 illius
727 3983 857 4052 opinionis
873 3999 903 4036 ae
919 3988 1050 4037 tantorum
1065 3983 1172 4037 Petrum
1190 3983 1335 4036 autoritatis
1351 3989 1378 4038 et
1394 4001 1455 4038 oon-

299 4066 425 4120 eenaionis
441 4067 579 4138 poeniteat.
614 4066 678 4122 Vide
694 4083 760 4138 quae
776 4067 808 4121 de
824 4065 865 4120 his
881 4068 1054 4124 eruditissime
1070 4068 1200 4124 Semadue
1215 4073 1304 4124 noster
1316 4069 1333 4125 l.
1345 4087 1386 4128 ur.
1398 4069 1454 4126 Tri·
1571 4125 1572 4134 ,

298 4145 409 4204 baresii
419 4150 541 4207 adversus
552 4151 716 4222 Scaligerum
726 4167 758 4206 ao
767 4152 871 4206 lunium
882 4153 991 4208 diesem

367 4235 447 4288 Τοῦτο
455 4233 502 4308 γὰρ
511 4240 563 4298 τοῖς
571 4237 600 4290 rb
609 4236 734 4304 παλαιόν]
751 4237 781 4292 Si
788 4237 821 4291 de
828 4239 1008 4310 primogenitis
1017 4240 1138 4295 omnibus
1146 4240 1283 4312 intelliget,
1291 4241 1389 4295 ialeunr
1397 4241 1453 4296 erit.

298 4317 389 4391 Neque
400 4321 469 4376 enirn
479 4322 647 4394 primogeniti
658 4339 748 4378 omnes
756 4322 882 4378 Nazaraei
892 4325 1009 4390 morunt,
1021 4327 1067 4380 sed
1076 4322 1206 4398 ἀορίστως,
1217 4333 1244 4380 et
1255 4327 1286 4381 do
1298 4327 1452 4399 quibusdam

298 4405 400 4476 accipe,
412 4411 443 4459 ut
452 4405 484 4460 de
493 4405 648 4479 Sampsone,
660 4413 687 4463 et
697 4409 766 4480 siqui
777 4409 822 4466 alii
833 4409 1018 4466 eiusdemmodi
1028 4411 1131 4466 luerint.

365 4489 397 4546 ll.
408 4507 444 4548 rr.
456 4486 545 4544 Ἄλλοι
557 4491 584 4546 δὲ
594 4494 768 4565 deceptione]
783 4493 822 4550 De
833 4493 875 4551 his
886 4497 988 4568 egimus
999 4497 1034 4552 ad
1044 4497 1163 4554 haeresin
1171 4497 1374 4566 Neaeraeornm,
1386 4515 1451 4571 qnae

298 4576 432 4634 utintib.
443 4593 455 4636 r
466 4575 620 4638 ordinem.
