3138 5044
1173 285 1281 342 ccxxi

112 443 313 516 eequiuoctium
328 441 497 516 μιτιμπτώοοι
512 443 541 496 iu
558 447 710 513 sequentem
726 442 795 498 diem
810 457 959 508 excurrere,
975 442 1023 498 sed
1039 459 1073 496 οι
1090 443 1220 498 embcbus
1235 457 1282 513 po·

112 530 187 584 litlce
199 529 233 584 ad
245 529 404 600 aequinoctii
416 527 517 594 eedem,
534 529 648 599 cunique
665 529 795 582 cerdiuem
811 529 855 584 ille
871 528 993 599 deligitur
1006 529 1034 582 in
1046 545 1097 599 quc
1108 528 1245 599 praecipue
1256 535 1283 584 et

111 616 237 672 maxims
247 615 372 686 temporis
384 621 457 686 parte
469 615 575 668 retineri
586 614 706 680 creditur,
721 631 774 668 non
790 615 812 667 is
828 615 855 668 iu
872 630 950 685 quem
965 613 1093 684 erogandi
1103 615 1209 668 licentis
1218 631 1282 686 peu·

111 702 192 756 latinu
203 699 354 766 effunditur,
370 717 418 754 nec
431 701 458 754 in
470 715 501 754 eo
513 705 602 754 umen
614 699 711 754 diutim
722 700 853 764 consistit,
868 716 957 754 rerum
968 700 1163 754 intercalatione
1172 699 1282 754 subinde

110 785 188 843 vetur
199 785 315 862 quodem
325 786 417 842 treeno
428 791 572 840 revocatur.
597 785 749 840 Cuiusmodi
760 801 794 838 ex
806 786 918 840 Anatolii
929 786 1050 856 opinione
1062 803 1127 840 xm.
1138 785 1226 840 liertii
1236 802 1282 840 ex·
1313 799 1315 802 ·

111 873 201 928 tit'mse
213 871 287 928 Beda
297 877 395 928 usrrst.
430 869 505 935 Quod
521 887 596 926 secus
613 887 641 924 se
657 869 744 924 habet
779 871 884 941 Alioqui
894 872 917 924 si
927 871 1078 942 plerumque
1089 871 1117 924 iu
1129 887 1183 925 xrr.
1194 871 1283 926 ussus

111 958 314 1029 eequinoetium
324 957 506 1021 contueretur,
523 973 554 1010 sc
570 957 676 1010 nonnisi
691 956 805 1012 secundo
817 957 859 1009 rel
870 958 944 1012 tertio
955 963 1017 1027 post
1026 957 1157 1012 bisexturn
1169 973 1238 1012 anuo
1250 957 1282 1010 sd

110 1061 183 1100 xm.
194 1043 342 1107 accederet,
354 1043 477 1096 imovero
487 1041 1126 1113 neruoqusitlosnnoquidomcivtmdicineus
1136 1043 1283 1114 attingeret,

110 1129 165 1186 hoc
178 1134 220 1182 eet
231 1145 286 1184 nou
297 1129 365 1182 ultre
376 1127 488 1184 mediam
499 1132 603 1184 noctem
615 1145 639 1182 s.
649 1127 674 1182 d.
686 1145 722 1184 rr.
731 1127 790 1184 Kal.
799 1129 860 1200 Apr.
872 1143 1007 1198 uunquam
1016 1128 1151 1182 Anatolius
1160 1145 1225 1184 xxn.
1236 1143 1283 1198 po·

109 1215 167 1268 tius
179 1229 262 1285 quem
274 1231 329 1270 ur.
340 1214 404 1268 euni
415 1213 547 1268 cerdinern
559 1229 590 1268 eo
600 1212 750 1285 paschalem
765 1214 905 1268 terminum
920 1215 1088 1284 meiguasset
1111 1211 1283 1278 Quemudmo·

111 1300 179 1356 dum
190 1297 243 1354 hoo
250 1305 367 1372 tempore
375 1305 435 1372 post
445 1299 633 1370 Gregoriauam
643 1300 834 1365 recensionem,
845 1299 907 1354 licet
917 1300 1109 1370 aequinoctium
1121 1298 1183 1352 aeri
1195 1299 1282 1370 prrip-

111 1403 211 1438 errmorv
220 1385 249 1440 in
258 1386 389 1456 sequabili
398 1402 467 1440 anno
476 1386 509 1440 sd
518 1385 631 1442 medium
639 1385 693 1440 iere
704 1391 822 1450 noctem,
834 1401 901 1455 quse
912 1403 977 1440 xsu.
989 1385 1133 1450 antecedit,
1142 1385 1283 1455 perueniat,

110 1469 288 1526 nihilomiuus
299 1471 326 1524 in
338 1489 392 1526 un
405 1471 521 1526 delirum
537 1477 590 1536 est,
606 1470 676 1541 qood
693 1485 753 1524 eum
769 1467 840 1524 diem
856 1475 911 1524 toto
926 1471 980 1526 iere
996 1470 1096 1524 loliano
1112 1470 1283 1541 qusdrieuulo

109 1556 253 1627 percurrit.
291 1556 350 1610 Nou
361 1563 403 1612 est
413 1557 494 1628 igitur
506 1556 677 1610 dubitundum
689 1556 752 1626 quio
763 1555 1079 1626 munusculorum.
1092 1557 1283 1625 aequinoctium

110 1642 192 1696 uirile
210 1643 332 1698 statumit
347 1643 380 1696 ed
395 1659 456 1696 eum
471 1641 592 1706 modum,
610 1657 662 1712 quo
680 1647 741 1711 post
757 1640 901 1694 Nicaeuonr
917 1641 1056 1696 concilium
1070 1641 1098 1696 io
1116 1659 1162 1696 un.
1172 1641 1281 1698 meuc

110 1727 276 1782 translatum
288 1733 340 1791 ests
355 1728 421 1784 edeo
436 1733 466 1782 ut
480 1729 552 1782 nulla
568 1745 622 1783 κιο.
635 1729 711 1791 tuus,
727 1743 794 1796 quse
806 1733 867 1780 asts
882 1745 918 1782 rr.
929 1725 986 1780 Kal.
999 1727 1139 1792 occideret,
1154 1726 1283 1798 peschelis

110 1811 265 1868 haberetur.
289 1812 318 1866 Id
330 1815 399 1868 enirn
412 1814 527 1874 Anatolii
537 1813 617 1866 verbu
627 1812 796 1866 disertissime
806 1817 941 1866 testantur.

184 1898 257 1952 Sane
268 1900 291 1952 si
303 1899 417 1954 mediam
433 1900 496 1954 anui
510 1899 603 1970 tropici
619 1899 731 1952 formam
747 1898 889 1968 sequimur,
905 1897 1049 1954 cuiusmodi
1065 1897 1283 1969 esthlphoneius,

111 2001 184 2056 quae
196 1985 307 2038 ueteris
319 1985 492 2056 anteponitur,
510 1984 625 2038 hnstmii
641 1991 757 2054 tempore
771 1983 964 2054 aequinoctium
974 1985 1110 2056 utriusque
1121 1985 1172 2038 diei
1181 1991 1283 2056 partem

110 2087 147 2126 ex
160 2085 250 2140 aequo
261 2071 313 2124 sibi
323 2071 485 2124 veufficabst.
509 2069 582 2124 Vixit
597 2070 668 2124 euim
684 2069 770 2124 medio
787 2068 841 2122 iere
857 2069 933 2124 tertio
950 2075 1011 2140 poet
1024 2077 1108 2124 ortum
1120 2069 1216 2126 Christi
1226 2087 1283 2126 eae·

110 2157 185 2212 culo.
211 2155 329 2226 (iensque
341 2172 409 2210 euno
422 2155 519 2210 Christi
531 2171 573 2210 cc.
587 2156 780 2225 aequinoctium
791 2171 900 2208 vernum
912 2156 1050 2226 contigerit
1059 2157 1146 2210 Martii
1156 2173 1223 2221 usn,
1237 2156 1283 2212 ho·

109 2242 147 2295 ris
162 2241 189 2306 7,
204 2241 249 2305 16,
265 2238 321 2296 13.”
333 2248 393 2312 post
404 2241 551 2306 meridiem,
564 2257 632 2296 enno
644 2257 704 2294 vero
718 2255 779 2295 ccc.
790 2241 879 2296 Merui
890 2259 946 2306 nn,
960 2240 1031 2296 horis
1045 2241 1089 2306 13,
1101 2238 1155 2307 22¹,
1167 2239 1242 2296 53.''=
1260 2244 1284 2296 si

110 2343 257 2382 excessum
268 2325 459 2398 Atphousiuum
472 2343 504 2382 es
516 2343 600 2398 nequo
611 2327 744 2398 partiaris,
759 2327 876 2382 invenies
892 2343 909 2380 a
922 2327 1028 2382 meridie
1039 2327 1121 2382 ferme
1133 2345 1187 2382 uxr.
1197 2329 1285 2384 liartii

109 2413 145 2468 ad
156 2411 297 2468 meridiem
309 2429 374 2466 run.
383 2412 577 2484 aequinoctium
590 2415 658 2468 ultro
673 2413 789 2484 citroque
802 2429 970 2469 commeasse.
988 2413 1040 2468 Sed
1048 2413 1184 2468 Anatolius
1196 2415 1284 2485 aequi·

109 2499 235 2554 uoctium
252 2497 328 2563 illud,
346 2498 416 2568 quod
433 2515 449 2550 s
464 2499 608 2554 maioribus
626 2505 772 2570 acceperat,
790 2499 818 2552 in
833 2515 900 2554 xum
912 2499 1029 2564 retinuit,
1047 2515 1107 2554 cum
1119 2499 1283 2554 Ptolomaeus

109 2589 169 2640 toto
184 2588 247 2638 unte
258 2583 363 2638 secculo
372 2599 481 2639 uernum
495 2585 687 2654 aequinoctium
699 2603 764 2638 xxm.
772 2585 862 2638 idertii
872 2585 899 2638 iu
911 2585 1017 2638 mendis
1028 2585 1203 2650 obeorreeeet,
1215 2601 1283 2640 auno

110 2669 213 2724 Christi
226 2684 300 2734 oxu,
316 2669 440 2722 bisextili.
475 2667 510 2722 Ut
520 2668 570 2722 hac
581 2671 681 2724 ratione
691 2671 760 2723 inter
771 2669 904 2724 meridiem
916 2687 980 2724 xum
993 2674 1019 2722 et
1030 2685 1105 2724 xxm.
1118 2669 1284 2740 progredere·

108 2761 163 2812 tur.
186 2753 263 2818 Quod
275 2755 299 2808 si
310 2754 462 2808 Ptolemaici
474 2759 500 2808 et
508 2754 663 2825 Hipparchei
676 2756 738 2808 unni
749 2755 873 2819 sormam,
885 2770 952 2824 quae
965 2768 1025 2808 ccc.
1034 2755 1110 2808 suuis
1123 2753 1191 2808 mem
1203 2771 1285 2810 unum

109 2841 235 2912 perimit,
246 2841 382 2894 Austolius
394 2841 534 2911 umplexue
545 2840 591 2906 sit,
602 2857 661 2894 curu
672 2839 806 2910 προήγηοις
815 2841 874 2910 plus
886 2840 973 2894 minus
985 2855 1112 2893 annorum
1124 2845 1228 2894 centum
1238 2839 1284 2894 ho·

109 2943 155 2982 rus
175 2941 234 2979 erun
250 2925 379 2996 postulet,
398 2927 516 2980 invenies
532 2926 645 2980 hnumlii
662 2941 726 2978 sevo
743 2925 937 2995 aequinoctium
955 2925 981 2980 iu
1002 2941 1071 2980 anno
1092 2926 1207 2980 bisextili
1223 2943 1285 2982 con·

109 3013 208 3084 tigisse
227 3017 286 3064 octo
304 3012 404 3066 circiter
421 3011 492 3066 boris
510 3016 570 3064 unte
587 3010 722 3064 meridiem
738 3011 790 3064 diei
801 3029 867 3066 usu.
884 3011 1042 3082 proindeque
1060 3011 1201 3066 bellissime
1216 3012 1285 3068 huuc

109 3100 203 3170 ipsum
217 3096 286 3150 diem
298 3097 400 3150 uirilem
416 3096 581 3166 aequinoctio
597 3097 788 3166 praestitutum.
812 3097 927 3150 Tametsi
942 3096 998 3150 tisri
1013 3101 1099 3167 potest
1114 3104 1143 3152 ut
1158 3099 1285 3169 tropicam
1311 3097 1387 3162 r-‚llb

108 3185 187 3238 illum
207 3181 382 3252 προέμκτωοιν
398 3183 502 3254 penitus
518 3181 733 3246 dissimulaverit,
751 3188 780 3236 ut
797 3188 857 3253 pest
872 3183 1013 3238 Nicaeuum
1030 3183 1170 3238 concilium
1186 3185 1285 3255 aliquot

109 3268 229 3324 mulie
241 3267 388 3336 ignoratum
400 3285 458 3322 esse
470 3273 583 3331 constat,
596 3273 622 3320 et
633 3267 666 3319 ab
678 3267 736 3338 ipso
748 3267 821 3322 Bedo
832 3269 981 3340 prsecipus,
993 3269 1038 3339 qui
1049 3275 1185 3340 propterea
1195 3271 1285 3324 multis

108 3353 200 3408 modis
211 3351 387 3408 helluciuutus
400 3359 447 3409 est.
483 3353 551 3408 Num
568 3369 602 3406 ex
620 3353 709 3406 eudem
726 3351 865 3424 hypothesi
876 3354 962 3408 Bedee
977 3356 1081 3410 soeculo
1093 3356 1285 3425 aequinoctium

107 3441 224 3512 ungine
241 3455 333 3492 amr.
349 3445 491 3494 recenseret
510 3445 538 3492 et
552 3439 585 3492 ed
603 3455 678 3494 svm.
696 3449 856 3509 pervenerat.
887 3439 920 3494 Et
936 3447 1024 3494 tumen
1040 3441 1074 3494 sd
1089 3439 1285 3512 horologiorum

108 3539 332 3598 gnomonumque
349 3523 428 3578 fidem
445 3529 582 3595 provocat,
600 3531 629 3578 ut
647 3525 840 3594 usquinoctium
856 3523 976 3580 Nicaeuis
993 3527 1057 3596 ipsis
1075 3527 1223 3582 cardinibus
1240 3526 1284 3580 ed·

108 3613 220 3668 scribet.

143 3815 300 3874 melotus
315 3815 441 3880 liRROR,
455 3815 518 3870 1Μο
531 3815 709 3882 nisurum,
724 3815 908 3870 scotorum
920 3815 1073 3882 MAthiE,
1087 3817 1134 3871 dx
1149 3816 1257 3870 usust

143 3901 288 3958 mortim
304 3899 619 3955 Inrumuursmorm
637 3901 729 3954 NATA
746 3901 981 3965 DECLARATUR,
999 3901 1042 3956 ET
1059 3901 1250 3955 ANATOLIUS
1357 3939 1363 3948 .

485 3987 507 4040 Α
525 3985 700 4040 CALUthlA
717 3985 917 4042 LIBERATUR.

181 4126 282 4180 Verum
298 4129 327 4178 ut
343 4129 398 4180 tum
410 4123 539 4178 absurdae
553 4125 772 4194 interpretationis
784 4126 927 4194 errorisque
940 4125 1039 4178 iontem
1049 4125 1207 4194 aperiemus,
1219 4127 1284 4180 scito

107 4231 165 4270 uon
184 4219 243 4266 tam
256 4226 314 4264 eom
323 4209 410 4264 Bedue
419 4209 531 4264 hominis
540 4209 708 4264 eruditissimi
726 4214 751 4262 et
767 4211 794 4264 in
810 4228 841 4264 eo
857 4226 952 4280 genere
963 4209 1174 4264 exercitatissimi
1182 4212 1283 4282 culpam

107 4317 185 4364 esse,
198 4297 246 4368 qui
255 4297 368 4350 hnutolii
381 4295 480 4350 Graece
491 4311 545 4348 uon
557 4295 666 4359 rideret,
679 4311 757 4365 quum
768 4296 868 4350 Ruliini
879 4297 1025 4368 scriptoris,
1037 4301 1066 4348 ut
1078 4313 1168 4350 omnes
1181 4304 1284 4362 norunt,

107 4381 287 4456 ineptissimi,
298 4381 343 4452 qui
355 4383 381 4435 in
390 4379 541 4436 mutilandis
550 4379 771 4450 depravandisque
780 4365 896 4436 'veterum
905 4382 1007 4451 scriptis
1019 4382 1196 4452 potiusquam
1207 4383 1284 4436 inter·

106 4467 251 4542 protendis
262 4467 352 4520 stilum
364 4483 441 4522 eoum
453 4466 577 4520 exercuit.
611 4465 659 4520 Hic
676 4467 745 4520 enim
763 4485 795 4520 ex
808 4467 921 4520 Anatolii
932 4467 1018 4520 verbis
1035 4468 1160 4522 nonnulla
1171 4469 1284 4532 sustulit,

108 4571 182 4627 quae
200 4559 256 4608 tem
269 4551 356 4644 liedes
374 4569 453 4624 quem
469 4552 527 4606 eliis
543 4552 699 4624 quibusdam
715 4553 858 4624 turpissimi
869 4553 963 4608 erroris
974 4554 1139 4610 occasionem
1152 4553 1283 4608 dederont
