3126 5046
281 319 376 378 OOXX

241 525 244 534 ,
281 480 359 545 atque
371 474 510 528 eiulatibus
521 473 632 528 insmret
642 473 781 528 ardentius.
817 473 956 544 Propterea
970 473 1110 530 concilium
1121 473 1301 545 Ancyranunr,
1316 479 1347 530 ut
1362 491 1441 547 supra

280 561 405 624 uidimus,
422 561 484 614 Can
495 577 549 614 arx.
561 560 700 614 voluntarii
713 559 843 629 parricidii
858 577 916 614 reos
932 565 987 614 toto
999 561 1068 615 ritae
1079 567 1195 631 tempore
1207 560 1350 615 ὑποπίπτειν
1362 563 1440 618 iubet.

347 648 432 716 Atque
449 645 557 700 eaodem
573 661 632 700 esee
644 661 766 700 caussam
782 647 907 716 suspicor,
924 662 970 700 cur
985 647 1172 716 poenitentium
1186 646 1291 700 nomine
1308 663 1387 717 saepe
1403 647 1442 702 illi

280 733 329 788 soli
341 731 590 802 comprehendantur
601 747 617 784 a
628 731 745 784 conciliis
757 737 783 788 et
794 731 923 800 patribus,
941 732 987 802 qui
1001 732 1028 785 iu
1045 732 1127 786 tribus
1141 733 1232 801 primis
1243 732 1370 802 gradibus
1380 731 1441 786 bae-

279 827 373 872 rerent.
395 817 462 870 Nam
474 818 500 870 iu
512 817 624 886 ntorgtis
634 833 664 870 ac
676 815 809 870 sacrificiis
821 822 881 886 poet
892 817 1077 886 scripturarum
1089 817 1227 872 lectionem
1239 825 1266 870 et
1276 817 1358 872 dirim
1369 818 1442 872 verbi

279 902 496 975 praedicationem
513 903 666 972 priusquam
682 902 716 954 ad
736 917 838 956 armna
851 904 1055 972 cognationeque
1075 904 1199 971 mysteria
1217 903 1441 974 progrederentur,

280 986 492 1053 catechumenos,
509 1003 697 1056 energumenos
715 1004 775 1040 eum
792 988 984 1057 poenitentibus
1001 987 1129 1042 facessere
1146 988 1269 1044 diaconus
1286 989 1440 1060 imperabat

279 1074 421 1142 Dionysius
437 1074 482 1128 lib.
501 1073 532 1126 de
549 1073 645 1128 Eccles.
662 1073 758 1126 Hieran
775 1089 832 1144 cap.
846 1091 886 1128 ιιι.
905 1072 945 1125 καί
962 1069 1022 1142 μετὰ
1033 1073 1123 1133 τούτοις
1134 1074 1269 1140 (lectiones
1280 1077 1383 1143 sacras}
1394 1071 1441 1135 ἔξω

281 1159 387 1230 γίνονται
399 1163 440 1225 τῆς
451 1156 514 1228 ἱερᾶς
526 1161 640 1229 περιοχῆς
652 1155 675 1209 oi
687 1159 872 1228 ποτηχούμενοι,
886 1157 926 1210 καί
937 1159 998 1228 πρὸς
1010 1157 1092 1220 αὐτοῖς
1105 1157 1128 1210 oi
1139 1157 1314 1230 ίνεργούμενσι,
1327 1159 1369 1212 aul
1381 1159 1404 1212 ol
1414 1157 1438 1212 la

281 1239 478 1318 parrumipiane.
505 1243 549 1296 Sic
558 1245 584 1296 in
594 1243 702 1298 donarit.
710 1244 798 1314 Apost.
809 1243 1021 1314 lib.vrrt.cap.1x.
1048 1243 1093 1294 llal
1102 1240 1116 1296 ὁ
1126 1240 1236 1304 διίσιονσς
1245 1243 1340 1314 λεγέτω
1346 1243 1364 1311 ,²
1376 1247 1442 1298 Απο-

280 1329 367 1383 lu'tcir
375 1327 398 1380 ol
406 1327 430 1380 ἐν
440 1328 561 1400 μετανοίᾳ.
582 1329 696 1382 Verbum
705 1333 749 1380 τοῦ
758 1325 872 1380 ἀπολύειν
882 1333 990 1391 niseum,
1002 1329 1057 1382 eive
1067 1333 1212 1392 miscs'onen,
1223 1329 1364 1398 significat,
1375 1336 1404 1383 ut
1414 1331 1441 1384 in

281 1415 444 1486 expositione
456 1414 526 1468 Fidei
536 1412 682 1468 Catholicae
694 1414 722 1468 iu
734 1413 787 1467 fine
800 1415 889 1484 operis⁴
897 1413 974 1468 huius
983 1413 1136 1468 ridebimus.
1153 1414 1344 1468 Posuiteutium
1356 1417 1441 1485 itaque

281 1501 404 1556 discessio
415 1499 508 1564 fiebat,
525 1499 652 1552 duntaxat
664 1515 756 1552 eorum
769 1501 814 1568 qui
830 1500 857 1552 in
869 1500 951 1554 tribue
967 1500 1058 1569 primis
1076 1499 1199 1568 gradibus
1210 1505 1389 1565 censerentur,
1405 1501 1443 1554 uti

280 1595 380 1640 ueteres
392 1601 505 1638 canones
517 1601 565 1638 nos
578 1584 682 1648 docent,
695 1585 846 1655 praesertim
860 1584 978 1654 Gregorii
987 1585 1176 1654 Thaumaturgi
1188 1585 1354 1650 undecimus,
1366 1585 1441 1656 idque

280 1673 398 1743 pluribus
411 1671 525 1724 Zonerm
537 1676 563 1723 et
574 1669 697 1724 Balsamo
709 1671 862 1740 interpretes
874 1671 1021 1724 obsecrant.
1055 1669 1121 1722 Nam
1138 1671 1183 1739 qui
1198 1671 1225 1724 in
1243 1676 1336 1741 quarto
1351 1671 1440 1740 gradu

280 1756 329 1810 boc
342 1765 382 1810 est
393 1761 422 1826 τῇ
435 1756 561 1824 συστάσει,
578 1756 787 1819 numerabantur,
805 1772 864 1810 oum
876 1755 997 1808 fidelibus
1008 1756 1219 1826 perseverabant:
1237 1754 1396 1825 indurasse,
1406 1757 1441 1810 ait

281 1841 503 1912 Thaumatttrgus,
516 1841 558 1892 ἵνα
576 1840 714 1894 συνίσταται
730 1844 781 1901 τοῖς
793 1845 899 1908 πιστοῖς,
916 1841 957 1892 aul
969 1839 1002 1911 μὴ
1015 1838 1140 1911 ἐξίρχητσιι
1152 1841 1273 1911 μετὰτῶν
1285 1841 1440 1912 πσπηλονμί-

281 1945 338 1983 νων.
362 1929 515 1981 Hinomarus
526 1927 553 1980 iu
565 1925 681 1996 Epistola
692 1925 725 1980 ad
736 1926 903 1982 lliucmarum
915 1925 1115 1980 Laoduneosem
1127 1927 1289 1997 episcopum,
1306 1943 1388 1998 quam
1403 1926 1440 1981 lu-

281 2015 371 2068 stettus
389 2014 462 2066 citat:
488 2013 599 2073 Quidem
615 2013 731 2065 iubentur
747 2030 823 2082 nsque
839 2014 876 2066 ud
891 2016 993 2064 mnenon
1006 2011 1238 2066 catechumenorum
1250 2031 1355 2066 cneum
1365 2019 1393 2066 a'a
1403 2029 1440 2064 ec·

283 2101 370 2152 eletio.
406 2097 515 2159 Quidam
529 2105 611 2150 auten
622 2099 678 2150 sola
690 2102 761 2150 intro
773 2099 907 2150 ecclesium
913 2099 1028 2167 fidelium
1041 2103 1155 2150 oratione
1166 2102 1238 2166 inopi
1248 2115 1345 2152 eucrne
1357 2109 1440 2167 ruyde-

282 2187 377 2236 ra'ornm
389 2184 544 2246 celebritati,
556 2203 573 2234 o
586 2185 728 2236 dominicae
740 2192 822 2236 entem
835 2201 934 2236 manaae
947 2187 1061 2236 connino
1072 2187 1212 2251 seprepars'.
1245 2181 1374 2246 Quocirca
1385 2180 1439 2234 oieb

283 2268 397 2320 σύστασιι
409 2261 474 2327 ὄντες
485 2275 560 2322 extra
576 2269 762 2338 poenitentium
781 2268 898 2322 ordinem
914 2285 948 2322 ex
964 2269 1010 2322 illa
1026 2285 1155 2322 canonum
1167 2284 1197 2323 ae
1207 2267 1255 2322 PP.
1265 2269 1393 2339 loquendi
1403 2285 1440 2323 ra·

283 2353 353 2408 tione
362 2353 452 2407 secreti
464 2359 534 2406 sunt.

326 2505 469 2572 QUONAM
485 2505 782 2562 incontinentius
801 2507 917 2562 GlillDU
934 2507 1215 2562 sacramentaria
1234 2507 1402 2564 aestuum

702 2592 874 2648 CONCESSA
891 2593 1022 2648 FUERl'l'.

349 2697 389 2751 lix
402 2713 453 2767 quo
466 2697 510 2750 illa
522 2713 584 2750 sane
595 2713 648 2750 uon
661 2697 725 2750 leuis
734 2697 823 2750 existit
834 2697 960 2766 quaestio,
973 2711 1086 2766 quonam
1095 2709 1219 2768 tempore,
1232 2713 1316 2767 quove
1325 2697 1354 2750 iu
1363 2697 1443 2766 gradu

282 2791 440 2856 postremam
459 2784 530 2836 illurn
549 2799 564 2836 a
580 2783 694 2852 pcccatis
711 2783 901 2836 absolutionem
918 2784 1078 2852 poenitentes
1096 2783 1248 2836 obtinerent
1283 2781 1359 2846 Quod
1376 2785 1444 2838 enim

283 2869 392 2922 subinde
405 2876 462 2938 post
474 2869 569 2922 editam
581 2877 746 2939 peccatorum
758 2867 947 2921 confessionem
960 2868 1060 2922 absolvi
1077 2885 1130 2920 oon
1145 2869 1270 2932 coierent,
1287 2867 1366 2937 idque
1382 2885 1442 2922 nou·

283 2956 333 3008 nisi
346 2955 448 3024 expleto
461 2955 634 3023 poenitentias
646 2961 761 3024 tempore
773 2962 998 3023 consequerentur,
1015 2953 1131 3024 pluribus
1147 2959 1222 3006 antea
1238 2953 1443 3007 demonstratum

284 3047 331 3094 est.
366 3040 438 3093 Nunc
455 3040 517 3092 illud
534 3041 626 3092 merito
639 3039 778 3103 dubitatur,
794 3047 942 3092 utrumnam
957 3047 1048 3108 quarto
1061 3039 1166 3108 insuper
1178 3037 1274 3108 gradu,
1291 3037 1341 3092 boc
1353 3047 1443 3093 eston

284 3123 379 3192 ardeae,
396 3125 466 3194 prius
483 3124 678 3194 defungendum
690 3125 741 3178 illie
752 3123 830 3177 fuerit
842 3139 919 3194 quarn
932 3125 1159 3187 sacramentalem,
1176 3133 1205 3176 ut
1216 3132 1324 3187 vocant,
1341 3125 1443 3178 absolu·

284 3212 381 3263 tionem
393 3210 570 3279 impetrarent,
587 3227 620 3262 en
633 3218 692 3279 post
704 3208 845 3261 ὑπόπτωσιν
858 3209 1052 3262 absolverentur
1065 3225 1080 3260 a
1092 3211 1204 3280 peccatis
1215 3210 1253 3262 illi
1265 3210 1385 3278 quidem,
1401 3209 1443 3262 sed

285 3295 400 3348 nendum
409 3303 495 3347 tannen
505 3295 536 3348 ad
547 3295 669 3348 dominici
679 3295 887 3348 communionem
897 3296 1012 3365 corporis
1024 3295 1224 3348 admitterentur.
1243 3296 1279 3347 Ac
1288 3295 1371 3349 rideri
1383 3311 1444 3348 sane

286 3388 382 3452 potest,
399 3387 457 3450 post
472 3379 614 3432 ὑπίπιωσιν
625 3391 787 3450 peccatorum
800 3381 851 3433 illis
862 3381 976 3444 reniam,
988 3379 1036 3433 boc
1049 3389 1089 3433 est
1099 3381 1311 3434 sacramentalem
1323 3381 1396 3434 illam
1407 3395 1443 3433 re·

271 3467 445 3532 ,laxationem
458 3482 515 3518 esse
527 3482 582 3518 conr
591 3481 685 3520 eseam.
721 3465 787 3520 Nem
804 3481 864 3518 cnm
880 3467 955 3518 tertio
969 3482 1001 3520 ex
1013 3466 1058 3518 iilo
1068 3465 1149 3535 gradu
1163 3466 1194 3518 ad
1207 3466 1323 3517 σύστασιν
1335 3481 1444 3520 emeres·

286 3559 356 3617 rant,
376 3553 534 3622 poenitentes
555 3567 611 3604 esse
629 3551 818 3621 quodammodo
840 3551 1002 3618 desinebant,
1023 3557 1052 3604 ut
1071 3553 1149 3621 paulo
1169 3559 1228 3604 aute
1248 3550 1443 3606 contererimus.

288 3637 362 3702 Quod
375 3643 529 3706 argumento
542 3652 598 3688 esse
610 3645 706 3706 potest,
722 3637 837 3690 relaxata
850 3637 901 3690 iam
914 3637 965 3690 illis
978 3652 1007 3689 ac
1020 3635 1163 3690 coridoneta
1178 3653 1235 3690 esse
1250 3637 1373 3700 crimina,
1388 3653 1445 3708 pro-

285 3733 341 3796 pter
353 3738 419 3792 quse
432 3723 458 3774 in
471 3723 542 3774 illam
557 3722 690 3774 obeundae
702 3722 875 3793 poenitentiae
886 3723 1066 3774 necessitatem
1079 3723 1246 3775 incurrerant.
1275 3721 1349 3774 Adde
1360 3723 1446 3776 omnia

286 3809 350 3873 illis,
369 3825 421 3862 nno
439 3813 547 3877 excepto
564 3807 661 3860 domini
679 3824 798 3877 corpore,
816 3823 875 3859 cum
888 3808 994 3860 caeteris
1006 3805 1125 3860 fidelibus
1137 3807 1217 3860 inisse
1229 3809 1391 3873 communia,
1408 3807 1444 3860 lo·

285 3911 342 3948 cum
355 3894 483 3964 imprimis
495 3909 523 3945 ac
536 3903 640 3962 tempus
653 3893 783 3946 oraticrnie.
807 3892 897 3962 Neque
909 3894 978 3946 enim
990 3907 1049 3944 cunt
1062 3893 1254 3962 poenitentibus
1266 3893 1387 3957 exibant,
1397 3907 1444 3946 neo

285 3981 359 4043 alibi,
378 3995 455 4050 quam
474 3979 519 4032 ubi
536 3978 625 4031 fideles
643 3978 750 4041 caeteri,
769 3979 946 4030 versabantur.
981 3977 1046 4030 Tum
1066 3976 1192 4032 sacrificia
1208 3979 1265 4047 ipsa
1281 3986 1306 4030 et
1319 3979 1442 4048 liturgias,

286 4081 395 4134 quorum
409 4067 473 4118 citra
485 4065 694 4117 communionem
708 4069 782 4116 erant
793 4064 938 4133 participes.
973 4062 1070 4115 Deinde
1082 4077 1142 4114 roro
1154 4063 1251 4115 nemini
1261 4063 1370 4116 dubium
1382 4060 1442 4116 illud

286 4157 339 4214 est,
351 4167 395 4220 per
404 4151 596 4221 impositionem
609 4163 747 4213 manuum,
760 4155 861 4201 caetera
871 4157 899 4201 ut
909 4149 1039 4212 omittam,
1051 4153 1215 4217 peccatorum
1225 4148 1276 4200 illie
1284 4149 1442 4218 temporibus

286 4235 408 4288 tributam
421 4253 478 4289 esse
491 4236 602 4289 veniam.
641 4234 740 4286 Doceot
750 4233 799 4286 hoo
811 4235 945 4286 innumera
958 4232 1080 4302 Cypriani
1097 4233 1258 4298 testimonia,
1273 4249 1384 4302 quorum
1399 4231 1440 4286 ia·

286 4324 376 4372 cianus
388 4322 509 4390 pleraque
521 4320 705 4391 produximus,
720 4319 746 4371 in
764 4320 858 4388 quibus
875 4336 920 4389 per
935 4335 1028 4372 manue
1045 4319 1237 4389 impositionem
1253 4334 1308 4388 pax
1321 4327 1439 4374 σίτοισι-

287 4403 383 4458 eiliatio
395 4407 645 4474 communicatioqus
656 4405 811 4458 conceditur.
845 4405 913 4458 Turn
929 4406 956 4457 iu
969 4403 1090 4474 Cartbag.
1104 4403 1180 4458 Oenc.
1190 4421 1225 4458 ιν.
1239 4403 1302 4457 Can.
1312 4421 1398 4458 naseu.
1409 4400 1438 4454 de

286 4505 318 4541 eo
330 4489 376 4556 qui
386 4490 570 4556 poenitentiam
581 4492 608 4542 lu
619 4490 769 4543 infirmitate
782 4490 904 4559 postulat:
931 4489 964 4542 m
975 4495 999 4542 si
1010 4495 1137 4551 ceredano,
1153 4491 1248 4558 inquit,
1264 4491 1377 4542 creditor
1391 4503 1436 4538 aro·

287 4577 398 4636 rimrns,
417 4575 592 4624 reconcilietur
599 4591 649 4642 per
662 4593 750 4627 munus
766 4578 944 4644 impositionem
963 4585 987 4627 et
996 4577 1147 4644 infundatur
1158 4579 1198 4627 νιν·
1209 4579 1262 4627 eiua
1274 4575 1433 4628 menresa.
