3186 5042
325 287 366 352 88
653 297 833 350 εκνινοειε
852 297 887 348 ιιι
907 297 1060 348 euentu.
1077 297 1150 372 eiu.

324 423 415 474 λακτον
439 411 460 483 ἦ
475 417 520 472 τοῦ
537 413 624 484 Ἀδὰμ
640 413 654 472 ό
672 417 736 482 Σὴθ
753 415 857 472 καὶτοῦ
876 417 1010 484 γεννῶντος
1032 412 1125 477 παντὸς
1144 415 1174 472 τό
1192 409 1353 484 γεννιῦμενον.
1388 417 1471 470 Δόνα-

325 505 394 556 bium
410 496 615 570 ἀπαραλλάκτως
639 503 664 553 in
688 503 776 553 ecdem
792 521 820 553 re
843 501 916 570 ponit
931 507 1032 554 Aeacius
1054 519 1094 568 ap.
1112 505 1196 566 Ερίρίε
1212 520 1236 570 p.
1252 507 1285 553 88
1303 503 1389 570 (888).
1419 504 1472 554 Fce-

325 607 402 661 qcene
420 606 478 640 uuus
493 588 562 639 vocis
576 581 769 654 ἀπαράλλακτος
784 587 810 638 iu
827 587 998 655 disputatione
1012 585 1045 638 de
1065 589 1117 636 Deo
1132 604 1171 654 ορ.
1189 591 1280 640 Attium
1297 590 1381 651 Ερόρίλ.
1399 589 1427 640 Τ.
1437 591 1471 638 ΙΙΙ.

323 695 350 746 p.
367 679 416 727 818
435 675 521 742 (888).
548 677 597 724 818
615 674 700 740 (888).
727 677 776 723 880
793 673 869 740 (880)
894 683 920 722 ct
943 689 983 738 ορ.
999 673 1165 736 Epiphaniam
1187 672 1269 740 ipsum
1293 691 1319 741 ρ.
1334 676 1383 724 888
1399 673 1471 740 (840).

322 765 373 814 888
389 761 476 828 (888).
503 763 551 809 818
568 760 653 825 (884).
680 763 729 808 814
745 759 821 826 (884)
841 769 868 806 et
885 775 960 825 saepe
976 757 1043 808 aiibi.
1074 756 1181 813 Ptaeivit
1199 761 1298 810 ίοοοῦιεε
1316 757 1393 825 Epist.
1408 759 1472 824 1,1u.

322 847 433 906 docens,
459 845 514 896 Dec
537 843 629 894 nulludi
645 840 809 910 παραλλαγήν
826 843 916 894 inesse.
954 845 980 892 in
1003 841 1117 910 reliquis,
1142 859 1206 910 quae
1224 855 1283 892 sunt
1300 847 1380 894 Λεσοίε·
1397 854 1472 894 contre

323 933 462 984 Ιίστεείίιενιι
477 927 643 996 disputantia,
661 928 766 980 adverte
779 927 930 979 adiectivum
946 926 1067 989 όκτιιττας,
1087 927 1119 977 de
1135 945 1184 995 quo
1200 926 1253 978 dixi
1273 928 1306 978 ed
1326 931 1404 978 Βίῦσιιι
1423 931 1474 978 Oret.

324 1015 373 1067 ccl.
390 1019 439 1066 788
455 1015 523 1082 (11).
559 1013 686 1064 Adverhio
705 1009 821 1073 ἐκτόπως
836 1013 916 1064 utitur
933 1017 1033 1064 Αεσεῦιιε
1049 1029 1072 1080 ρ.
1083 1015 1115 1062 88
1131 1013 1207 1080 (888)
1226 1010 1265 1066 Τό
1282 1009 1474 1078 δόάιταρσλ-

324 1097 362 1154 λα’
371 1115 461 1160 κτως
479 1099 556 1153 εἰπεῖν
575 1095 622 1167 οῦγ
641 1094 692 1152 οίόν
708 1115 732 1151 τι
757 1097 801 1151 καί
817 1093 978 1164 ἀγεννήτως,
1005 1093 1059 1150 ἀλλ’
1075 1092 1114 1152 ότι
1130 1096 1246 1158 ίκτῦιεως
1263 1099 1342 1165 (maie
1356 1099 1424 1166 vulgo
1439 1097 1474 1150 be-

322 1185 423 1247 euticie)
447 1183 492 1238 καλ
516 1180 631 1254 ἀκριβῶς
652 1179 818 1250 ςῦμοιωμόνιγν
845 1183 907 1250 (leg.
925 1179 1093 1250 ω’μοιωμίνη,
1123 1182 1175 1232 icil.
1193 1181 1261 1245 ἐστί)
1286 1180 1350 1250 πρός
1364 1181 1475 1250 πατρικήν

324 1265 482 1338 ἀγσῦότητα.
516 1270 612 1320 Vocem
637 1265 732 1336 τρανῆς
756 1268 829 1335 attigi
851 1267 884 1318 ad
909 1272 987 1318 Elium
1007 1273 1069 1317 Cret.
1093 1267 1140 1317 col.
1161 1272 1208 1318 774
1228 1268 1297 1335 (18).
1332 1263 1476 1336 Ἐκμαγεῖσι

322 1354 449 1406 hocloco
475 1364 501 1404 et
524 1373 550 1424 p.
566 1357 599 1404 80
616 1353 701 1421 (841).
729 1358 761 1404 88
779 1354 855 1420 (848)
882 1363 920 1402 σεε
940 1357 1021 1417 imbuo
1044 1367 1163 1416 εαρεεεεο.
1198 1353 1255 1404 vid.
1284 1353 1476 1417 Wyumcmtnd

322 1443 444 1492 Plctiarcb
462 1441 500 1490 De
517 1441 551 1490 Ιε.
568 1451 594 1490 et
611 1442 652 1490 οο.
667 1457 691 1506 p.
701 1442 759 1490 873.
777 1443 803 1490 tt.
841 1437 982 1489 Consimilis
1007 1448 1046 1486 eet
1063 1437 1244 1488 ecclesiasticus
1267 1448 1294 1488 et
1311 1457 1325 1488 τι
1343 1441 1476 1491 immede.

323 1526 368 1588 vt,
387 1528 427 1575 87.
447 1524 578 1592 profectus
592 1523 711 1592 loquendi
726 1542 793 1585 usuc,
812 1540 861 1591 quo
878 1522 954 1573 Filius
972 1523 1017 1572 Dei
1036 1521 1146 1590 σφραγίς
1161 1533 1272 1574 vocatur.
1302 1523 1375 1574 Goui.
1391 1528 1476 1588 (ἓτερον.

324 1614 383 1663 Nax.
398 1609 457 1662 loeo
472 1609 515 1661 cit.
534 1608 617 1678 ibique
633 1611 716 1661 Elium
733 1613 795 1660 Cret.
813 1609 908 1659 Comm-
926 1607 965 1658 ed.
982 1608 1058 1659 Paris.
1076 1609 1124 1659 col.
1134 1613 1191 1659 888.
1210 1613 1238 1660 tt.
1250 1610 1276 1662 B.
1304 1609 1476 1676 Summiiymn.

324 1697 356 1759 V,
374 1699 417 1748 81.
442 1693 565 1762 Χοίρας,
585 1684 608 1747 ui
624 1691 722 1760 πατρός
740 1693 857 1761 σρρηγίε

391 1782 420 1831 P.
436 1783 469 1830 88
488 1781 573 1846 (888).
606 1779 675 1833 Τοῦ
693 1776 1027 1848 γοίρβασελόωςτοῦ
1047 1776 1277 1847 μεγάλοντήν
1296 1773 1477 1834 είκόναλα-

327 1863 397 1936 βολν
414 1859 529 1935 όζωΐᾳ
547 1863 604 1918 καί
621 1859 797 1931 ἀὲεότητι
815 1864 875 1932 cet]
896 1863 1006 1915 Attende
1025 1863 1146 1914 ruricius
1166 1865 1298 1916 formulam
1314 1861 1478 1932 λαμβάνειντί

325 1968 389 2012 τινι,
407 1953 500 2014 aliquid
523 1954 558 2001 rei
572 1953 675 2000 auectus
690 1953 782 2000 notione
802 1951 1001 2013 comprehendere.
1036 1941 1120 1999 Verb'o
1139 1947 1274 2018 λαμβάνειν
1293 1947 1427 2016 respondet
1441 1963 1478 2000 τε·

328 2030 458 2104 ριγράφειν
475 2034 501 2085 in
518 2031 693 2102 sequentibus:
712 2031 769 2102 Τήν
787 2033 836 2102 γὰρ
855 2031 941 2089 εἰκόνα
958 2035 1003 2088 τοῦ
1022 2035 1082 2088 θεοῦ
1100 2029 1187 2104 οἰζωΐᾳ
1203 2031 1363 2102 περιγράψας
1380 2043 1427 2083 cet.

394 2123 421 2171 Ρ.
437 2123 470 2170 80
488 2121 573 2187 (840).
608 2119 729 2188 χωροῦν
754 2120 795 2188 τῇ
822 2112 976 2186 ἀρνήσει
998 2120 1136 2188 τῆςτσῦ
1155 2115 1477 2186 σωτῆρσςόμιῦνεί-

326 2199 804 2270 κόνοςκαλοῦοίαςκαὶτῆς
822 2201 1212 2272 μονογενοῦςνὶότητος
1230 2201 1478 2270 ἐκπατρόςκεί

328 2285 967 2355 τῶνπρωτοτοκίωντάσηςκτίσεως
985 2289 1124 2358 καίτῆς
1142 2289 1179 2344 ἐκ
1197 2291 1478 2357 μονογενοῦςμο-

326 2371 486 2441 νότητος]
505 2377 617 2426 Pectius
641 2374 733 2442 χωροῦν
752 2375 842 2426 [utine
864 2375 1044 2443 iuterpretatur
1064 2379 1156 2440 ίοαρίιεο
1173 2391 1318 2440 ρεορνοεειιε.
1354 2373 1403 2424 Sed
1420 2372 1478 2438 vide,

326 2476 359 2512 nc
383 2455 450 2513 κστά
468 2469 527 2526 poet
549 2457 583 2527 ιγ)
607 2454 714 2526 ἀρνήσει
732 2459 864 2516 exciderit.
899 2460 1001 2527 Χωρεῖν
1024 2459 1090 2514 κατά
1109 2477 1174 2520 τινος
1192 2471 1230 2511 est
1253 2463 1366 2512 invadere
1389 2459 1478 2523 abucii·

326 2543 418 2595 simili·
444 2551 483 2593 est
504 2543 600 2594 locutio
616 2543 741 2611 φίρεσῦαι
762 2541 828 2599 κατά
852 2563 935 2606 τινος,
963 2563 1026 2614 quae
1049 2555 1131 2596 exstet
1149 2563 1174 2612 p.
1190 2551 1240 2596 884
1261 2547 1338 2614 (888)
1357 2545 1425 2611 είτερ
1440 2540 1479 2595 καί

237 2695 246 2712 .
327 2623 400 2682 αῦτολ
415 2625 482 2682 κατά
498 2630 549 2682 τῶν
572 2623 657 2683 αῦτιῦν
674 2627 826 2700 ἐνεχ8ιῦμεν.
862 2649 886 2698 p.
906 2635 955 2682 878
974 2632 1051 2698 (888)
1077 2628 1141 2684 κατὰ
1160 2631 1211 2684 τῦν
1238 2626 1387 2698 ἀμφοτέρων
1410 2628 1478 2698 φόρε-

327 2717 396 2768 obet.
432 2733 455 2782 p.
472 2717 522 2764 880
538 2715 615 2783 (884)
640 2713 707 2768 κατὰ
729 2717 780 2769 τῶν
803 2711 887 2770 αὐτῶν
910 2715 1041 2784 φέρεσθαι.
1078 2726 1104 2766 et
1127 2733 1203 2784 οοορο
1228 2715 1296 2766 alibi.
1340 2719 1390 2766 lete
1414 2729 1478 2764 vero:

326 2799 376 2867 τῆς
397 2797 427 2851 ἐκ
453 2801 600 2865 μονογενοῦς
624 2798 837 2868 μονότητος,
863 2803 1008 2853 referuntur
1031 2801 1064 2852 cd
1087 2801 1130 2853 illa
1154 2819 1177 2870 p.
1195 2805 1228 2852 88
1245 2802 1322 2870 (888)
1341 2797 1356 2854 ό
1372 2793 1477 2865 ποτήρι’

327 2879 452 2952 γεννήσας
473 2880 502 2945 ἐξ
518 2882 608 2938 ίαιιτοῦ
624 2882 668 2939 τόν
687 2887 809 2954 μονογενῆ
828 2885 900 2954 λόγον
979 2884 1087 2954 μόνος
1105 2883 1219 2954 μόνον.
1246 2897 1271 2937 et
1285 2885 1347 2936 ibid.
1373 2878 1478 2953 ἀρνησό-

296 3008 306 3028 .
329 2985 402 3036 μενος
417 2964 461 3020 τόν
476 2963 536 3022 θεόν
554 2967 584 3022 ἐκ
600 2969 660 3022 θεοῦ
678 2970 750 3037 λόγον
768 2963 830 3026 όντα
844 2969 888 3026 τόν
905 2969 959 3027 νλόν
977 2970 1021 3026 καί
1039 2969 1140 3039 μόνον
1157 2970 1201 3032 ἐκ,
1214 2969 1327 3039 μόνον.
1355 2971 1388 3022 de
1402 2969 1479 3039 quibui

328 3051 380 3104 dixi
396 3051 428 3103 ed
446 3053 478 3103 T.
491 3053 519 3102 ίί.
541 3071 564 3119 ρ.
582 3057 632 3104 888
650 3057 735 3122 (788).
771 3058 925 3126 Quamquam
940 3069 1028 3108 nostro
1044 3057 1100 3108 loco
1116 3057 1240 3124 singulare
1262 3069 1301 3108 eet
1319 3055 1397 3118 illud,
1421 3053 1479 3123 quod

329 3137 391 3189 citra
409 3137 612 3188 cousuetudinem
628 3141 716 3203 Peter,
741 3159 791 3193 nou
809 3143 902 3210 Filius,
921 3140 1059 3211 μονογενής
1079 3151 1191 3194 vocatur.
1229 3143 1326 3194 Deinde
1339 3141 1421 3193 verbio
1434 3141 1478 3192 τῦν

328 3221 504 3290 πρωτστοκίων
519 3220 606 3290 πόσης
620 3225 729 3286 κτίσεως
747 3227 913 3295 respiciuntur
926 3227 986 3292 itta,
1004 3245 1035 3278 ex
1052 3227 1105 3278 cot.
1123 3230 1142 3294 1,
1156 3231 1196 3278 18.
1216 3239 1306 3293 sumta,
1324 3245 1350 3296 p.
1363 3231 1395 3278 88
1412 3225 1478 3295 (888)

328 3305 372 3362 τῦν
395 3308 516 3374 μονογενῆ
540 3304 612 3376 λόγον
635 3309 680 3364 καί
700 3311 858 3378 πρωτότοκον
880 3311 968 3380 πόσης
991 3311 1108 3372 κτίσεως.
1143 3312 1478 3380 &deminutumque

328 3391 503 3460 αρωτοτοκίων
518 3393 593 3445 scribi
609 3395 701 3446 malim.
735 3393 777 3450 Τό
795 3403 967 3464 πρωτοτοκεῖα
980 3397 1054 3456 enim,
1073 3397 1099 3447 id
1115 3407 1153 3448 est
1168 3401 1207 3448 iuc
1225 3397 1264 3449 vel
1280 3401 1384 3462 ιίίριιίίοε
1399 3401 1478 3462 prim

328 3481 409 3542 ρειιόίῑ,
427 3476 547 3529 formatur
564 3479 596 3529 cd
613 3497 726 3532 normam
742 3481 918 3534 vocabulorum
933 3488 1070 3549 πρωτεῖον,
1095 3479 1235 3549 ἀριστεῖον,
1251 3487 1384 3552 πρεσβεῖον
1407 3491 1431 3532 et
1445 3479 1476 3528 si-

329 3561 439 3625 milium,
466 3579 546 3632 neque
568 3564 600 3615 cd
625 3565 688 3616 iilud
712 3583 789 3634 genui
814 3568 941 3634 pertinet,
965 3585 996 3618 ex
1014 3585 1063 3636 quo
1080 3579 1119 3618 eet
1141 3561 1342 3644 dbtixtcu'ccm
1359 3567 1477 3618 similibus.

329 3648 445 3700 itacitmo
459 3665 519 3700 vero
534 3646 693 3716 πρωτοτόκια
710 3671 756 3720 pro
771 3659 941 3719 πρωτοτακεία
958 3653 1081 3714 scribitur,
1098 3653 1308 3721 quemadmodum
1324 3651 1478 3721 ίργαλίῳμῐῦ

329 3731 469 3801 ἐργαλείῳ,
487 3735 636 3801 τροςωτείοις
652 3753 698 3804 pro
714 3738 877 3805 τροςωτείοις
896 3755 1025 3806 perperam
1044 3738 1117 3789 scribi
1135 3738 1242 3790 vidimus
1265 3747 1353 3790 annot.
1371 3739 1397 3788 iu
1413 3739 1440 3788 T.
1452 3737 1477 3784 ΙΙ.

330 3837 354 3888 p.
366 3823 416 3870 884
428 3819 513 3888 (748).
549 3820 644 3872 Eodem
661 3821 753 3874 mendo
766 3823 793 3873 in
811 3824 890 3892 Epist.
907 3824 938 3874 ud
957 3825 1033 3876 Hebe.
1049 3826 1108 3885 Xu,
1129 3827 1169 3876 18.
1192 3821 1225 3878 τὰ
1238 3821 1398 3891 πρωτοτόκια
1413 3821 1478 3888 vulgo

330 3905 454 3958 scribitur.
491 3907 523 3956 Et
537 3906 656 3958 meudcec
680 3919 707 3959 et
723 3909 830 3976 genuina
850 3909 918 3960 νοοῦν
933 3909 1056 3976 εαῦμειιεε
1073 3910 1098 3960 in
1117 3909 1280 3961 Alexandrina
1296 3909 1414 3959 versione
1428 3908 1478 3954 Vct.

330 3993 401 4044 Τοιε.
417 3989 620 4059 deprehenditur.
655 3993 710 4044 Vid.
724 3997 868 4048 Scbleumer.
886 3995 969 4046 Lexic.
986 3995 1012 4046 in
1030 3996 1175 4046 Nov.Teet.
1195 3996 1225 4044 T.
1239 3995 1267 4045 11.
1287 4013 1312 4062 p.
1325 3997 1380 4044 788.
1389 4011 1424 4062 iq.
1439 3988 1476 4058 qui

331 4087 417 4129 tumen
434 4073 606 4145 πρωτοτόκεια
624 4095 670 4145 pro
688 4086 859 4146 αρωτοτοκεία
876 4097 1005 4148 perperam
1022 4080 1116 4132 scribit.

399 4163 426 4214 Ρ.
442 4165 475 4213 80
492 4164 576 4232 (841).
613 4165 668 4218 καί
685 4163 791 4231 δόξης
815 4163 1033 4233 αῦτοδοξίαν]
1060 4166 1220 4233 Legendum:
1249 4160 1400 4228 αῦτοδόξαν.
1426 4159 1476 4212 0⁰¹¹·

331 4265 357 4315 ρ.
373 4251 406 4300 88
424 4249 499 4317 (840)
519 4247 564 4302 καί
579 4249 643 4313 δόξα
659 4245 705 4304 οῦκ
720 4245 822 4314 ἀδοξία)
836 4254 921 4322 γεννᾷ,
939 4246 993 4306 ἀλλ’
1012 4247 1157 4316 αῦτοδόξσν.
1195 4253 1232 4302 De
1248 4251 1339 4303 mendo
1354 4248 1433 4301 monui
1447 4244 1476 4296 cd

332 4331 364 4383 Τ.
378 4335 394 4383 i·
415 4351 439 4402 p.
451 4337 502 4384 410
518 4335 595 4402 (888)
614 4335 655 4385 ubi
672 4335 699 4385 id
717 4353 795 4402 genus
812 4336 932 4388 vocabula
950 4337 1033 4404 attigi.

400 4417 572 4488 Ρ.88(841).
607 4414 690 4490 cdii
711 4419 825 4489 τρίτον
851 4420 1036 4492 ζωγράφον
1064 4421 1215 4493 εἰςάγει]
1242 4423 1333 4490 Τρίτον
1357 4416 1475 4487 ζωγρᾶφσι
