3138 5044
335 352 418 408 CXVI

333 527 441 578 aemam
454 525 574 562 emesae.
610 506 667 572 Quo
682 503 747 560 nihil
761 521 822 560 eunt
837 507 870 560 ab
881 505 1020 578 Epiphauii
1035 523 1128 572 sensu,
1144 513 1201 561 turn
1218 505 1354 560 averitate
1370 507 1430 578 ipsa
1446 505 1492 560 diei

333 594 443 648 alienius
454 599 548 664 potest.
571 593 646 647 Anno
658 590 736 646 Urbis
748 591 818 658 691„
830 591 954 647 Cicerone
966 599 993 646 et
1000 593 1114 646 Antonio
1125 608 1208 658 eoas,
1219 591 1333 664 primum
1344 607 1361 646 a
1371 592 1491 663 Pompeio

334 680 460 732 tributum
476 678 577 732 Indaeis
594 677 747 749 impositum
764 683 816 744 est,
838 695 854 732 a
874 695 925 749 quo
946 683 1064 749 tempore
1080 677 1115 731 ad
1130 677 1260 749 Antipatri
1277 678 1493 748 proeuratiousm,

334 780 401 834 quae
413 781 482 818 anno
495 763 552 819 707.
566 765 662 835 coepit,
674 764 736 816 anni
747 769 809 817 sunt
819 781 873 818 uon
884 764 972 834 plures
984 781 1049 829 aen,
1061 763 1157 816 nedum
1168 779 1263 817 norem
1273 763 1416 833 etvigiuti.
1446 763 1494 816 lle·

334 850 395 904 rode
411 850 516 921 quidem
533 867 619 903 rerum
635 849 752 920 potiente
765 849 891 902 tributum
903 850 986 902 ullum
997 849 1091 902 saltem
1103 849 1261 902 ordinarium
1276 855 1400 902 ιιιιιιιιιι
1415 848 1495 902 tuna

333 951 418 1004 neque
426 952 517 990 rerum
529 935 647 1001 arbitror,
657 950 706 988 neo
717 934 773 988 eius
784 935 944 988 mentionem
952 935 993 988 vel
1005 935 1082 988 litera
1092 949 1144 986 una
1151 933 1235 988 Luoss
1242 934 1337 1003 attigit.
1354 933 1415 986 Non
1428 935 1495 986 enirn

334 1019 519 1091 ἀπογράφεσθαι
527 1022 597 1074 idern
605 1021 674 1073 valet
682 1035 714 1073 ao
722 1035 830 1074 censum
838 1021 880 1074 vel
887 1021 1014 1074 tributum
1023 1020 1132 1084 solvere,
1144 1025 1196 1085 aut,
1207 1019 1231 1072 si
1241 1019 1311 1072 istud
1319 1019 1408 1089 ipsum
1417 1020 1495 1090 signi·

333 1107 434 1173 ticaret,
449 1107 538 1160 statim
554 1105 586 1160 de
600 1105 730 1159 ordinaria
740 1106 913 1175 pensitatione
923 1107 1011 1176 potius
1022 1104 1222 1175 intelligendum
1232 1103 1361 1158 uideretur
1373 1119 1455 1175 quam
1465 1105 1495 1156 ad

335 1192 566 1246 extraordinariam
576 1191 747 1245 referendum.
772 1191 824 1245 Sed
835 1207 884 1245 neo
894 1191 958 1245 illud
968 1191 1065 1262 probo,
1079 1190 1149 1260 quod
1159 1189 1255 1244 ibidem
1266 1189 1423 1261 disputabas,
1440 1207 1495 1261 pro·

333 1283 422 1348 pterea
432 1279 543 1348 primam
558 1277 631 1330 illam
647 1275 780 1340 aQuirino
796 1277 945 1331 censionem
960 1277 1108 1330 institutam
1124 1276 1187 1342 diei,
1205 1275 1273 1346 quod
1289 1275 1410 1329 Romano
1426 1291 1495 1329 more

334 1364 424 1433 quinto
434 1379 537 1433 quoque
546 1377 615 1415 anuo
625 1377 718 1415 oeneus
725 1359 871 1416 haberetur.
888 1361 957 1415 Nam
967 1378 1016 1415 neo
1027 1361 1091 1416 illud
1100 1367 1224 1433 perpetuo
1236 1362 1326 1428 tonuit,
1338 1361 1495 1432 utquisque

334 1449 410 1502 anuis
427 1448 585 1502 vertentibus
602 1463 696 1502 census
712 1453 840 1517 ageretur,
858 1453 885 1500 et
901 1447 980 1502 aliam
998 1449 1118 1500 mussans
1133 1463 1191 1500 esse
1207 1447 1376 1502 mauiiestum
1393 1453 1447 1510 est,
1465 1445 1495 1498 ob

335 1551 413 1606 quam
424 1535 508 1605 prima
519 1532 583 1586 bueo
594 1534 628 1586 sit
639 1533 768 1604 appellata
779 1532 928 1604 descriptio,
939 1533 1060 1588 videlieet
1075 1532 1144 1602 quod
1160 1533 1241 1586 altera
1257 1537 1317 1602 post
1324 1529 1449 1585 Archelai
1459 1547 1496 1583 re-
1563 1551 1564 1554 ¹

333 1621 492 1690 legationem
504 1619 588 1672 eidem
600 1618 706 1683 Quirino
718 1617 937 1673 umiae-tuerit.
960 1617 999 1672 De
1017 1634 1069 1689 qna
1083 1635 1112 1672 re
1122 1617 1181 1671 ride
1194 1633 1260 1689 quae
1271 1615 1399 1670 Deterius
1410 1623 1498 1670 uester

335 1704 496 1776 etKeplsrus
512 1705 610 1758 erudite
625 1704 793 1758 commentati
808 1709 878 1758 sunt.
901 1703 993 1774 Neque
1009 1705 1080 1758 enim
1096 1704 1226 1757 censionis
1241 1701 1318 1756 huius
1334 1699 1497 1773 Epiphaniae
1563 1699 1564 1714 ¹

334 1791 463 1856 meminit,
475 1795 505 1843 ιιι
516 1806 574 1843 eam
585 1789 661 1843 nobis
673 1789 853 1860 quaestionem
864 1789 995 1860 explieare
1006 1803 1114 1843 neeesse
1125 1789 1167 1842 sit.

400 1877 485 1947 Atque
501 1881 532 1928 ut
547 1875 615 1928 hano
632 1873 663 1928 de
680 1873 789 1929 Herodis
804 1875 881 1928 aunis
899 1874 1101 1946 disputationem
1121 1873 1260 1944 aliquando
1281 1873 1451 1937 cordulam,
1468 1872 1496 1936 si,
1563 1919 1564 1926 ,

335 1961 404 2033 quod
420 1960 565 2032 Epiphanio
583 1961 680 2031 placet,
697 1977 754 2016 rrn.
767 1959 882 2026 ld.1en.,
900 1976 952 2030 quo
969 1961 1009 2014 die
1021 1967 1098 2014 natus
1110 1967 1151 2012 est
1161 1957 1291 2024 Christus,
1308 1972 1379 2012 anno
1396 1957 1496 2014 iuliano

334 2066 420 2112 auru,
435 2047 550 2100 Herodes
568 2062 666 2099 annum
678 2047 774 2116 agebat
784 2045 887 2116 imperii
897 2063 1004 2112 mum,
1022 2046 1078 2099 eius
1090 2045 1195 2099 initium
1205 2045 1233 2098 in
1244 2043 1375 2098 lulianum
1388 2061 1427 2098 rr.
1439 2059 1497 2097 cou-
1563 2063 1564 2098 ι

334 2133 418 2196 veuit,
434 2131 538 2184 biennio
550 2131 647 2184 tardirm
659 2147 739 2201 quam
749 2129 858 2184 historia
868 2132 995 2202 postulat,
1013 2147 1081 2201 quae
1097 2131 1209 2184 alterurn
1218 2129 1328 2183 Herodis
1339 2129 1448 2182 initium
1459 2129 1497 2181 lu·
1563 2107 1564 2136 ¹

334 2218 404 2269 liano
416 2233 453 2270 rx.
465 2215 589 2269 accidisse
607 2215 755 2280 coufirmat,
773 2231 790 2268 a
807 2233 858 2286 quo
875 2231 936 2270 oum
951 2217 1077 2286 Iosephus
1089 2233 1171 2269 xxxiv
1182 2215 1310 2268 duntaxat
1321 2231 1407 2269 annos
1419 2215 1497 2269 Hero
1563 2207 1564 2286 l

250 2351 257 2364 ,
304 2351 310 2364 ,
336 2301 395 2354 dem
403 2301 501 2356 vixisse
512 2305 611 2364 narret,
622 2299 781 2370 Epiphanius
793 2301 858 2356 libro
867 2319 886 2358 1.
896 2319 926 2356 ιι.
937 2307 1037 2372 septem
1048 2307 1075 2354 et
1085 2301 1193 2372 triginta
1201 2299 1317 2366 deducit,
1329 2301 1497 2371 quibnstotis
1563 2295 1564 2304 ¹

335 2403 459 2457 regnasse
471 2391 531 2456 poet
542 2387 655 2457 primum
667 2385 797 2440 demotum
808 2387 908 2452 dieitur,
925 2403 986 2440 oum
1001 2385 1094 2440 horum
1110 2387 1266 2457 prineipiurn
1281 2385 1412 2440 aluliauo
1423 2391 1497 2440 serto
1563 2401 1564 2448 j

335 2473 416 2544 repeh'
428 2472 529 2527 debeat.
554 2470 681 2536 Quocirca
693 2478 803 2526 mortem
813 2471 922 2527 Herodis
934 2472 1035 2526 ooniert
1045 2472 1073 2526 in
1085 2487 1184 2526 aunum
1194 2471 1324 2526 Iulianum
1334 2489 1428 2536 rrum,
1439 2487 1498 2525 eum
1563 2501 1564 2524 r

336 2559 457 2612 dominus
469 2561 591 2628 quartum
602 2557 655 2610 ium
666 2573 763 2612 munus
775 2557 870 2612 aetatis
882 2557 1019 2628 attigisset.
1038 2557 1091 2611 Sed
1101 2558 1194 2611 sisere
1205 2561 1280 2622 sunt,
1292 2571 1360 2627 quae
1371 2555 1498 2627 Iosephus

336 2645 367 2698 de
378 2644 479 2698 Herode
491 2642 653 2714 perscripsit,
665 2659 772 2696 neeesse
784 2649 824 2696 eet
834 2647 865 2696 ut
875 2643 974 2698 Iuliano
986 2661 1051 2698 rurr.
1065 2642 1215 2707 decesserit;
1232 2641 1300 2695 unde
1312 2647 1337 2695 et
1349 2643 1458 2707 natalis,
1471 2649 1498 2694 ut
1563 2641 1564 2676 ¹

335 2731 462 2796 diximus,
474 2729 572 2784 domiui
584 2733 695 2800 quatuor
703 2729 744 2782 uel
756 2729 871 2799 quinque
882 2729 958 2782 anuis
970 2727 1170 2781 antevertendus
1180 2727 1235 2782 erit.
1253 2725 1325 2790 Quae
1334 2727 1442 2798 quidem
1450 2743 1498 2780 nos
1563 2719 1564 2760 ἶ

334 2815 450 2868 nendum
462 2832 496 2868 ex
508 2815 630 2886 opinione
641 2819 732 2868 nostra
743 2814 897 2880 constituta,
915 2813 960 2867 sed
977 2830 1010 2866 ex
1023 2812 1127 2883 Iosephi
1137 2818 1225 2867 mente
1236 2818 1314 2883 atque
1324 2811 1435 2867 historia
1445 2813 1500 2865 eol·
1563 2801 1564 2874 ¹

334 2901 401 2954 laeta
411 2900 501 2954 habeti
512 2900 677 2954 electoribus
689 2899 853 2970 expendiqus
864 2899 993 2952 uolumus.
1017 2897 1142 2969 Superest
1152 2905 1182 2952 ut
1193 2898 1227 2952 de
1238 2899 1352 2969 Augusti
1360 2915 1441 2965 ιιιιιο,
1455 2898 1501 2968 qui
1563 2919 1564 2974 3

335 2991 376 3039 est
386 2986 452 3039 alius
464 2985 559 3039 natalis
571 2985 695 3038 dominici
706 2984 837 3039 character
848 2985 881 3038 ab
893 2983 1038 3056 Epiphanio
1051 2983 1159 3050 allatus,
1170 2985 1351 3055 perstringam

526 3135 638 3203 Quoto
656 3137 806 3192 AUGUSTI
822 3137 915 3192 ANNC
932 3137 1044 3192 NATUS
1061 3137 1115 3192 siu
1133 3135 1306 3194 CHRISTUS.

403 3241 478 3294 Auno
496 3241 660 3311 imperatoris
678 3242 791 3312 Augusti
808 3258 871 3297 ann.
889 3245 981 3295 ustum
1003 3257 1061 3294 esse
1078 3239 1209 3294 Christum
1226 3245 1313 3294 oeuset
1328 3239 1502 3312 Epiphanius,
1563 3225 1564 3298 l

337 3343 415 3395 quem
432 3342 530 3379 annum
547 3343 580 3379 ex
599 3343 650 3396 quo
666 3327 754 3379 Iudaei
769 3325 887 3380 Romano
903 3327 1012 3398 imperio
1029 3326 1161 3380 subiunetl
1177 3331 1240 3379 sunt
1250 3341 1323 3380 sarr.
1335 3326 1420 3381 fuisse
1432 3327 1503 3382 dicit
1563 3323 1564 3340 ¹

335 3411 397 3464 Tria
407 3412 572 3481 potissimum
583 3412 696 3481 Augusti
708 3412 902 3465 oonsdtuuntur
913 3411 995 3465 initis.
1017 3411 1133 3465 Primum
1149 3412 1182 3465 ab
1198 3413 1255 3482 ipso
1270 3427 1339 3466 aune
1353 3428 1407 3482 quo
1418 3413 1503 3466 Iulius
1563 3439 1564 3488 p

337 3496 432 3549 Caesar
442 3497 593 3550 interiectus
606 3503 656 3562 est,
669 3498 714 3568 qui
725 3503 765 3551 est
775 3495 853 3550 Urbis
862 3497 930 3562 710,
941 3495 1056 3550 Iulianus
1068 3496 1093 3550 2.
1116 3496 1233 3549 Alterum
1244 3497 1277 3549 ab
1289 3511 1359 3550 anuo
1372 3499 1504 3568 sequenti,
1563 3549 1564 3554 ,

336 3581 412 3634 Urbis
424 3581 483 3634 711.
506 3583 621 3636 Tertium
633 3583 667 3635 ab
679 3583 785 3636 Aetiaea
795 3582 916 3647 rideris,
934 3583 989 3635 sivo
1001 3597 1018 3634 a
1029 3582 1053 3637 2.
1063 3581 1135 3652 Sept.
1146 3597 1214 3635 anno
1228 3580 1304 3634 Urbis
1314 3581 1386 3649 uta,
1404 3589 1436 3636 ut
1453 3585 1503 3636 Dio

335 3671 445 3720 testatur
460 3667 488 3720 in
500 3667 606 3721 exordio
618 3668 662 3721 lib.
672 3685 708 3723 ur.
731 3668 798 3721 Hine
816 3667 932 3721 deorsus
950 3666 983 3718 ad
1001 3665 1095 3719 Christi
1111 3667 1224 3720 natalem
1239 3681 1369 3720 annorum
1385 3668 1505 3739 Augusti
1563 3711 1564 3742 .

335 3767 460 3806 numerus
472 3754 601 3806 statuitur.
625 3753 677 3806 Sed
688 3753 767 3823 vulgo
779 3769 843 3808 ιιιι.
856 3752 912 3806 eius
924 3769 993 3805 anno
1005 3757 1096 3805 natum
1108 3769 1167 3806 esse
1180 3757 1268 3822 patres
1285 3749 1434 3820 affirmant,
1451 3753 1505 3807 Eu·

336 3839 437 3892 sebium
449 3839 544 3906 secuti,
562 3839 607 3908 qui
618 3838 731 3908 idipsum
742 3837 841 3893 Eooles.
852 3837 916 3892 Eiet.
930 3837 974 3892 lib.
983 3855 1001 3891 ι.
1014 3853 1070 3908 oap.
1079 3855 1129 3903 un,
1144 3841 1171 3890 et
1181 3835 1370 3902 inChroniois,
1387 3841 1505 3910 scripsit
1563 3827 1564 3846 ¹

336 3923 410 3988 Quod
421 3927 510 3976 autem
527 3923 633 3976 annales
650 3923 818 3976 ecelesiastici
834 3923 951 3988 madunt,
970 3939 1014 3976 eos
1031 3921 1076 3991 qui
1091 3923 1119 3976 iu
1137 3937 1235 3976 ιιιιιιιιιι
1245 3923 1360 3994 Augusti
1370 3939 1439 3979 run.
1457 3941 1505 3978 na·
1563 3925 1564 3984 i

334 4011 414 4063 talem
434 4007 530 4062 Christi
545 4008 682 4062 conferunt
702 4008 807 4078 abipso
825 4023 893 4062 enno
910 4024 961 4078 quo
978 4007 1059 4061 Iulius
1074 4007 1170 4061 Caesar
1184 4007 1335 4062 interiedus
1351 4015 1394 4061 est
1415 4025 1506 4064 annos
1563 4073 1564 4078 ἵ

336 4094 460 4159 exordiri,
478 4095 556 4148 simul
574 4093 643 4164 quod
659 4093 823 4146 librariorum
840 4094 918 4163 eulpa
933 4093 1033 4147 iactum
1049 4099 1155 4163 putant,
1173 4099 1202 4146 ut
1218 4109 1278 4146 oum
1295 4093 1426 4148 Eusebius
1445 4097 1506 4166 ipso
1563 4087 1564 4160 ζ

336 4193 404 4232 auno
416 4179 532 4232 Iulianae
543 4179 629 4244 neeis,
641 4177 983 4248 quiest015mp.oumrv.
996 4178 1108 4248 primus,
1120 4179 1232 4249 Augusti
1242 4179 1377 4249 posuisset
1386 4179 1506 4246 initium,
1563 4183 1564 4224 1

337 4263 363 4316 id
374 4263 400 4316 in
416 4271 568 4334 sequentem
584 4263 740 4317 trendatum
755 4261 844 4328 iussit,
861 4263 1078 4334 quemadmodum
1095 4269 1121 4317 et
1137 4264 1231 4317 natalis
1244 4262 1338 4317 Christi
1353 4265 1383 4318 in
1399 4281 1507 4321 mnurn
1563 4259 1564 4324 ¹

337 4349 442 4401 tertium
454 4349 555 4419 olymp.
566 4364 667 4414 orosa,
680 4363 740 4401 oum
752 4347 865 4402 seeundo
878 4365 911 4402 ex
922 4355 1009 4403 moute
1021 4348 1126 4402 Eusebii
1137 4353 1274 4420 competat.
1295 4348 1425 4404 Neutrum
1438 4351 1507 4406 mihi
1563 4361 1564 4390 ἐ

337 4431 442 4501 quidem
453 4435 583 4502 probatur.
606 4433 735 4504 Imprimis
748 4433 817 4486 euim
829 4433 898 4504 apud
908 4433 1051 4488 Eusebium
1062 4434 1091 4487 in
1102 4433 1236 4488 edititione
1244 4434 1353 4489 Pontaoi
1362 4433 1508 4493 Octaviani

337 4517 440 4570 initium
456 4517 577 4586 alligatur
594 4535 663 4572 anno
681 4535 697 4571 a
712 4519 830 4572 Caesaris
845 4533 909 4572 neoe
925 4521 1059 4590 proximo,
1078 4519 1239 4591 Olympiadis
1256 4519 1384 4586 seeundo,
1400 4525 1507 4578 natalis
1563 4513 1564 4546 ³

337 4617 398 4655 sero
410 4599 505 4656 Christi
516 4616 585 4655 anuo
597 4603 671 4656 tertio
684 4603 786 4674 Olymp.
797 4619 898 4670 cxciv„
914 4603 983 4674 quod
995 4611 1021 4661 et
1031 4605 1160 4660 Pontaeue
1171 4607 1228 4678 ipse
1239 4605 1279 4660 eir
1290 4605 1407 4661 meditus
1421 4623 1507 4682 argu-
