3126 5046
1104 328 1266 390 otxuxtu

5 527 7 534 .
95 485 347 540 illistribuslestum
356 485 421 540 illud
432 485 559 551 extiterit,
571 487 645 542 cuius
655 501 748 541 ceum
756 487 874 544 Christro
883 487 1014 554 ascendit,
1024 489 1265 560 nequepostericrs

97 571 149 625 duo
161 571 249 624 locum
260 571 318 624 istic
329 569 454 637 habeant,
470 588 577 626 neceam
588 577 628 626 est
639 572 670 625 de
681 574 779 643 primo,
790 573 840 627 hoo
852 579 893 628 est
902 573 1039 644 paschate,
1055 574 1179 628 loannem
1192 577 1263 629 locu·

96 661 162 709 turm
197 655 272 720 Quod
289 657 359 711 euim
375 671 461 728 neqm
476 663 639 728 penucoste,
656 675 740 729 neque
757 660 916 730 scenopegia
931 659 1019 724 fuerit,
1040 669 1194 728 argumento
1215 668 1262 726 est,

95 741 168 812 quod
184 743 311 813 superiori
327 743 412 813 capite
424 741 541 797 Christus
553 744 655 797 dixerat
666 760 732 800 com.
741 743 783 798 st.
795 750 907 815 quatuor
921 761 1025 799 menses
1037 745 1070 798 ed
1082 761 1195 799 messena
1205 747 1264 800 rell·

96 843 163 897 quos
174 827 265 882 luisse.
287 828 322 882 ht
332 827 397 881 haec
408 845 467 882 meo
479 828 573 882 iudicio
585 829 720 885 levissima
730 836 799 883 sunt.
828 829 895 884 Nam
912 836 942 884 ut
953 831 1072 884 omittam
1085 831 1153 902 quod
1164 832 1264 885 Maldo·
1313 832 1320 861 ⁸

95 919 175 968 ustus
186 913 331 978 existimat,
347 914 514 984 proverbium
531 915 662 986 quoddam
678 916 746 970 inter
757 913 867 970 Iudaeos
882 915 1010 971 eiusmodi
1020 923 1164 982 temetum,
1180 916 1264 972 adhuc

94 1015 201 1054 meuses
210 1017 237 1054 rv
247 998 280 1052 ed
291 1015 405 1053 messam
416 1006 568 1072 supersunt,
585 1017 644 1056 cnm
661 1000 726 1054 nihil
736 1002 805 1072 quod
818 1007 922 1072 urgerat
933 1018 991 1054 esse
1002 1002 1152 1072 significare
1161 1003 1263 1068 uellem,

95 1101 143 1138 cnr
154 1084 231 1138 lauri
242 1084 362 1155 cogimur
372 1101 455 1140 unum
465 1087 530 1139 illud
543 1086 641 1140 laetum
657 1103 672 1140 e
688 1087 772 1154 tribus
789 1087 871 1141 fuisse
887 1087 1048 1141 maioribus?
1082 1087 1174 1142 Nonne
1191 1093 1217 1140 et
1230 1088 1263 1141 sd

95 1170 223 1224 encaenia
233 1171 337 1224 venisse
352 1169 485 1225 Christum
499 1175 627 1225 testantur
642 1173 780 1243 evangelis
795 1178 823 1226 et
838 1173 951 1243 reliquos
969 1173 1002 1226 ab
1019 1173 1111 1226 eodem
1125 1173 1264 1226 verisimile

95 1263 137 1308 est
147 1255 204 1310 dies
216 1271 275 1308 esse
286 1256 449 1309 celebratos?
483 1256 569 1320 Quare
584 1258 635 1312 nisi
652 1258 685 1310 ad
694 1263 864 1328 pentecosten
876 1272 937 1312 cum
949 1257 1147 1327 Chrysostosno,
1166 1258 1262 1327 Cyrtllo

93 1347 174 1410 etque
191 1357 226 1393 ex
241 1341 429 1396 recentioribus
444 1341 594 1396 Maldouato
612 1343 721 1413 slilsqne
738 1343 866 1414 pertinere
881 1344 1005 1409 velimus,
1025 1350 1052 1396 et
1067 1343 1187 1413 Phorim,
1208 1345 1264 1398 sive

94 1425 213 1478 Sortium
233 1425 343 1491 lartum,
363 1426 433 1497 quod
449 1427 518 1480 Adur
533 1427 572 1483 15.
591 1427 750 1482 celebratum
768 1434 819 1494 est,
835 1427 900 1482 nihil
915 1435 987 1482 vetut
1001 1429 1121 1498 intelligi.
1156 1427 1195 1482 De
1212 1443 1263 1498 quo

94 1511 196 1564 erudite
207 1510 334 1582 Keplerus
344 1513 372 1566 iu
384 1513 497 1582 Cologis.
531 1513 588 1566 Iam
604 1514 744 1570 sabbatum
759 1513 822 1567 illud
840 1513 1040 1584 deuteroproton
1051 1520 1112 1584 post
1121 1515 1235 1584 primum
1247 1529 1265 1566 a

93 1596 227 1666 baptismo
239 1595 336 1668 pascha
347 1599 469 1652 collocari
479 1603 577 1668 potest,
590 1605 618 1651 ut
627 1599 786 1669 etKeplerus
795 1598 892 1652 ibidem
908 1603 935 1652 et
949 1613 999 1652 nes
1011 1600 1062 1669 ipsi
1070 1599 1181 1654 subinde
1188 1615 1263 1654 mou-

94 1682 247 1737 strabimus.
283 1682 370 1736 Unum
384 1689 504 1754 superest
520 1683 590 1754 quod
606 1701 640 1737 ex
655 1684 787 1737 Kemnitio
803 1685 926 1754 proponit
941 1683 1111 1755 dissolvitque
1127 1684 1262 1754 Keplerus.

93 1767 200 1820 Etenim
212 1765 330 1822 Clusinius
342 1769 562 1838 praedicationem
574 1785 685 1822 exorsus
700 1775 740 1823 est
753 1774 894 1839 postquam
909 1769 1018 1822 loannes
1035 1770 1062 1822 in
1078 1785 1208 1822 carcerem
1223 1775 1264 1822 est

93 1854 207 1917 misem,
218 1852 311 1908 Matth.
321 1872 356 1919 ιι,
371 1854 419 1920 12,
430 1855 509 1908 Maro.
519 1871 541 1919 ι,
556 1854 594 1908 14.
619 1853 758 1908 Coniectus
775 1860 862 1908 eutem
878 1859 918 1907 est
929 1855 956 1908 in
968 1855 1072 1908 vincula
1081 1855 1192 1908 loannes
1204 1859 1264 1924 post

94 1937 194 2008 pascha
205 1939 327 2009 primum.
345 1939 412 1993 Nam
424 1955 454 1992 eo
464 1940 593 1993 celebrato
602 1939 713 1994 losunes
723 1939 853 2010 baptisare
863 1941 958 2010 pergit,
969 1939 1105 2005 laeuum,
1117 1939 1158 1993 23.
1177 1939 1262 2003 Quare

94 2024 236 2076 sabbatum
246 2023 333 2078 Lucae
345 2025 545 2096 deuteroproton
561 2034 587 2078 st
601 2025 646 2078 ille
661 2042 707 2096 per
718 2030 823 2096 segetes
834 2026 953 2079 incessus
965 2041 1018 2079 non
1029 2031 1116 2096 potest
1124 2026 1208 2095 primo
1217 2039 1263 2094 pa·

93 2109 180 2163 soheti
192 2109 300 2174 subiici;
317 2109 379 2180 quia
390 2109 554 2176 iamdudum,
572 2125 631 2163 cum
647 2109 711 2164 haec
723 2117 869 2182 egerentur,
881 2111 1030 2181 praedicare
1042 2110 1160 2166 Christos
1172 2127 1263 2181 coepe·

94 2202 143 2248 rat
166 2195 209 2247 llx-
221 2211 272 2264 quo
284 2196 401 2266 sequitur
412 2215 439 2250 rv
451 2197 545 2250 saltem
557 2197 616 2250 elici
627 2195 764 2268 posuistis,
776 2202 806 2250 ut
816 2197 895 2266 paulo
907 2201 967 2250 ante
979 2196 1174 2267 disputavimus.

164 2281 262 2334 Verum
274 2297 327 2334 nou
339 2285 400 2334 ante
410 2281 515 2336 loannis
527 2297 656 2334 carcerem
667 2282 833 2352 praedicandi
844 2297 940 2336 munus
952 2283 1070 2352 attigisse
1081 2281 1221 2348 Christum,
1234 2297 1264 2336 ac

94 2371 170 2419 teuto
185 2371 304 2436 tempore
321 2367 435 2420 otiosum
450 2381 481 2420 ac
496 2367 612 2421 desidem
629 2367 723 2433 fuisse,
737 2367 927 2438 perabsurdum
942 2367 1051 2422 videtur.
1084 2368 1119 2421 Et
1137 2369 1265 2421 siverunt
1290 2385 1365 2440 μοι.

93 2452 173 2504 fetari
184 2451 306 2504 volumus
317 2451 453 2506 Nicodemi
462 2453 508 2506 ills
520 2469 579 2506 oum
592 2452 694 2507 Christo
706 2453 855 2524 congressio
873 2454 981 2524 eiusque
993 2454 1073 2507 verba
1083 2454 1145 2506 lata:
1166 2453 1266 2506 Scimus

94 2541 158 2607 qnia
170 2557 187 2588 a
200 2539 246 2588 deo
257 2541 350 2589 mutati
360 2542 495 2606 magisterr
508 2557 577 2592 sesso
588 2543 653 2592 emus
661 2548 745 2609 potest
753 2539 819 2592 hoec
830 2543 1003 2608 &prosocero
1011 2557 1076 2609 pune
1087 2543 1202 2607 tusscie,
1215 2543 1266 2590 m'sa'

88 2623 250 2692 semrom
261 2639 316 2674 oum
329 2641 368 2686 eo,
386 2629 445 2677 tum
462 2639 529 2694 quse
545 2625 671 2696 superiori
682 2625 767 2695 capite
777 2629 917 2678 narrantur
928 2624 960 2676 da
971 2625 1061 2678 multis
1072 2624 1099 2676 in
1111 2624 1197 2693 ipsum
1210 2639 1264 2675 cre-

95 2707 231 2772 dentibus,
247 2707 412 2779 praedicasse
427 2709 480 2762 ism
498 2710 628 2764 Christum
645 2716 671 2762 et
687 2709 719 2762 sd
734 2709 862 2780 populum
876 2709 969 2761 iecisse
984 2709 1064 2762 verbe
1079 2709 1264 2762 demonstrent.

94 2793 169 2847 sede
180 2792 223 2846 his
235 2793 324 2847 omnia
335 2811 402 2864 quae
414 2801 475 2848 ante
486 2796 602 2848 uinctum
614 2795 739 2848 Ioannem
750 2810 766 2847 s
778 2793 883 2847 Christo
895 2793 963 2847 diota
973 2793 1094 2862 lacuque
1106 2794 1201 2846 caeteri
1212 2799 1264 2846 tras

96 2879 199 2948 aliquot
215 2879 343 2950 capitibus
361 2881 492 2950 complexi
509 2886 578 2934 sunt.
614 2879 682 2944 Quin
699 2885 725 2932 et
740 2879 831 2932 Petrus
848 2879 904 2932 hot.
920 2895 937 2932 ι.
956 2895 972 2930 s
987 2878 1116 2948 baptismo
1133 2877 1264 2932 Christum
1312 2907 1317 2918 ·

96 2964 216 3034 coepisse
228 2968 345 3018 testatur.
377 2965 449 3019 idern
460 2965 553 3018 Euseb.
565 2965 610 3018 lib.
620 2983 638 3018 r.
651 2981 708 3034 cap.
719 2983 744 3018 x.
757 2971 783 3018 et
793 2963 842 3018 hoc
854 2965 913 3018 loco
924 2963 999 3018 docet
1010 2962 1178 3035 Epiphanius.
1213 2965 1265 3017 lre·

94 3065 180 3103 naeus
192 3049 261 3102 enim
273 3067 335 3106 axx.
344 3067 413 3104 anno
422 3051 583 3121 baptizatum
594 3055 681 3120 putet,
693 3055 720 3102 et
730 3055 791 3121 post
801 3050 901 3120 aliquot
912 3065 995 3104 annos
1006 3065 1067 3103 cum
1078 3049 1131 3104 i‘am
1143 3049 1265 3104 idoneam

95 3135 129 3190 ed
141 3133 288 3188 docendum
300 3141 410 3189 mtetem
423 3139 492 3188 esset
502 3135 624 3206 adeptus,
641 3136 769 3190 mannam
783 3135 1003 3208 praedicationem
1018 3133 1162 3190 inchoasse.
1197 3135 1265 3190 Nom

95 3219 168 3291 quod
179 3219 348 3291 adhpiphan,
359 3222 461 3286 attinet,
478 3237 557 3290 sopra
573 3237 645 3274 uum.
655 3237 727 3276 xxnv.
738 3219 862 3292 postridie
873 3223 929 3275 eius
941 3221 991 3274 diei
1003 3237 1055 3292 quo
1067 3221 1213 3292 baptisatus
1225 3226 1265 3274 est

94 3305 317 3376 praedicationem
328 3306 399 3359 illam
412 3308 561 3377 occoepisse
573 3307 636 3360 dicit
646 3321 713 3377 quae
725 3306 758 3360 td
770 3304 877 3358 ἐνιαυτὸν
890 3306 975 3358 δικὼν
985 3307 1102 3360 refertur.
1137 3307 1204 3371 Quid
1215 3308 1264 3376 igi·

94 3397 139 3443 tur
150 3391 320 3459 evangelistis
331 3391 382 3444 illis
394 3392 533 3458 iaciemus,
545 3393 591 3463 qui
602 3393 716 3447 coniecto
729 3392 834 3446 demum
844 3393 872 3446 in
884 3409 1013 3446 carcerem
1025 3391 1121 3445 loenne
1133 3391 1263 3446 Christum

94 3481 207 3530 namut
222 3475 371 3546 praedicere
387 3477 522 3547 coepisset
555 3478 666 3550 Keplero
678 3479 764 3532 ιίιιιιιι
781 3483 822 3531 est
836 3479 987 3532 traiectione
998 3479 1119 3532 versiculi
1129 3478 1207 3529 unius
1219 3493 1263 3530 ue-

95 3563 201 3633 gotium
212 3577 290 3632 posse
302 3561 403 3615 confici.
426 3561 494 3615 Nam
506 3563 676 3618 silletth.1v.
688 3579 753 3619 vers.
766 3563 813 3628 12,
829 3581 885 3616 oum
897 3573 979 3616 ocrem
992 3565 1105 3616 oudinet
1115 3563 1187 3614 Iesos
1198 3564 1264 3631 qood

96 3649 211 3700 Ioannes
222 3649 334 3700 cadim·
345 3659 418 3711 esset,
431 3653 536 3701 oeream
545 3653 572 3701 s'a
586 3651 744 3714 columam,
756 3651 819 3703 item
830 3649 909 3702 Marc.
918 3667 937 3702 1.
949 3651 972 3702 ei
984 3663 1086 3702 comma
1097 3648 1135 3700 14.
1149 3647 1200 3700 alio
1212 3653 1262 3700 trs-

95 3734 185 3799 licias,
201 3733 358 3786 narrationis
375 3733 492 3786 ordinem
508 3735 642 3804 aptissime
657 3741 790 3790 contexes.
825 3733 890 3788 hlihi
900 3749 961 3787 vero
978 3733 1042 3786 haec
1053 3733 1130 3784 ouius
1141 3731 1263 3786 versiculi

95 3819 217 3872 traiectio
227 3818 343 3872 molente
359 3835 422 3872 sane
439 3819 547 3873 ridetur.
581 3819 651 3874 Nihil
666 3821 737 3874 euim
755 3820 850 3874 clarius
868 3825 907 3872 est
923 3833 1000 3888 quam
1013 3833 1079 3886 quse
1090 3817 1263 3870 subiiciuntur

97 3921 159 3958 cum
170 3903 224 3956 illie
235 3904 299 3974 ipsis
311 3905 447 3958 versiculis
460 3921 518 3958 esse
529 3921 656 3960 connexa.
691 3906 779 3959 Satius
796 3910 836 3958 oet
850 3903 929 3974 igitur
941 3902 1075 3956 commoda
1086 3902 1174 3971 aliqua
1184 3901 1262 3954 inter-

96 3989 244 4061 pretatione
254 3989 305 4043 loci
315 3989 385 4043 illius
395 3989 691 4045 difficultaticcnsulere.
709 3989 961 4059 Hoeveroperlacile
973 3993 1020 4039 est
1037 3985 1105 4040 Nam
1113 3985 1261 4041 Matthaeus

96 4075 242 4128 ethtarcus
254 4091 421 4145 nequaquam
432 4076 497 4128 illud
508 4075 614 4141 docent,
631 4074 761 4128 Christum
777 4080 839 4128 tunc
855 4073 951 4136 solum,
968 4087 1028 4124 cum
1045 4072 1156 4126 loannes
1166 4074 1194 4126 in
1206 4075 1262 4128 vin·

96 4161 158 4214 cula
168 4159 268 4213 inlesus
279 4165 332 4226 est,
349 4161 498 4231 praedicere
513 4163 541 4214 in
556 4161 694 4231 populum,
710 4159 759 4214 hoc
774 4165 813 4213 est
828 4157 929 4229 publice
941 4158 1021 4212 verba
1036 4157 1121 4211 iacere
1131 4159 1260 4228 coepisss;

97 4246 169 4317 quod
180 4263 216 4299 ax
227 4246 279 4299 illis
290 4247 356 4316 ipsis
367 4247 534 4316 evangelistis
545 4245 642 4299 laisum
653 4261 711 4298 esse
722 4250 888 4298 monstratur.
913 4241 964 4296 Sed
977 4242 1016 4296 hic
1029 4259 1121 4296 sensus
1133 4249 1185 4309 est,
1202 4251 1261 4314 post

96 4339 205 4404 captum
216 4330 341 4386 Ioannem
352 4348 450 4386 novum
461 4333 533 4384 velut
544 4331 647 4385 initium
658 4330 821 4402 praedicandi
832 4329 937 4393 iecisse,
954 4343 985 4382 ac
1002 4343 1061 4382 cum
1077 4331 1220 4384 accuratius
1231 4333 1260 4384 in

96 4419 163 4472 illud
170 4417 308 4488 negotium
315 4417 474 4483 incubuisse,
486 4423 541 4470 tum
550 4431 610 4470 vero
619 4416 753 4487 speciatim
761 4415 824 4470 illud
833 4415 985 4479 inculcasse,
995 4419 1173 4484 poenitentiam
1183 4421 1259 4484 opita

98 4505 363 4573 appropinquantem
373 4521 476 4572 requam
486 4503 616 4555 coelorum.
631 4501 782 4556 Cuiusmodi
789 4498 994 4554 cohortationem
1001 4500 1043 4554 vel
1051 4501 1166 4554 nondum
1175 4507 1259 4566 suba,

98 4590 141 4642 vel
153 4589 241 4642 miuus
253 4588 342 4642 crebro
354 4604 385 4642 ac
396 4587 560 4642 vehementer
571 4591 718 4659 usurparat,
735 4586 804 4658 quod
820 4601 878 4640 eam
893 4585 944 4639 sibi
954 4586 1064 4641 loannes
1074 4587 1259 4662 praedicandae
