3166 5044
1242 259 1289 318 ΙΝ

119 419 248 470 strenuum
259 413 324 472 illud
335 413 474 470 manifeste
485 431 545 468 cnm
556 414 690 486 ScrIpture
698 420 808 485 pugnat
837 413 873 469 Ut
887 419 915 468 et
929 413 994 468 illud
1009 413 1079 484 quod
1094 412 1188 468 asserit
1202 412 1287 468 Achae

118 516 205 554 annos
222 516 346 571 regnasse
363 518 417 568 xrs,
434 501 477 556 cui
488 519 533 556 rvr
550 501 685 571 Scriptura
701 501 792 554 tribuit
807 519 844 558 ιν.
860 499 1096 570 Reg.cap.xv1,l.
1123 498 1214 570 Neque
1225 515 1286 554 reru

118 585 208 640 minus
226 591 328 640 csslers
344 586 412 640 ialsa
426 591 496 642 sunt.
525 587 581 640 Hoc
596 586 667 640 euim
682 587 827 651 oraculum,
844 585 914 657 quod
928 585 1011 640 lsaise
1028 601 1074 640 vn.
1090 585 1198 656 legitur:
1217 585 1288 638 Eoos

118 675 193 742 sirpo
204 675 333 742 etampes
342 681 403 736 stc„
418 673 468 726 sub
485 671 549 732 illud
563 678 665 742 tempus
676 672 878 743 pronunciatum
890 677 931 724 est
942 687 993 740 quo
1006 670 1088 724 Rasin
1099 687 1146 724 rex
1159 670 1249 740 Syriae
1261 675 1288 724 et

117 755 221 812 Phacus
231 756 301 812 lilius
312 757 446 814 homeliae
457 773 504 815 rex
516 757 596 812 lsrail
607 755 731 812 adversus
742 757 827 812 hohas
839 758 983 812 exercitum
994 755 1133 810 duxerunt
1158 755 1214 810 Iam
1225 773 1286 812 vero

117 841 208 896 hohas
225 859 295 898 anno
311 842 411 898 Phacee
425 861 491 902 mr.
509 857 619 912 regnare
634 843 733 914 coepit,
750 861 784 896 ιν.
800 843 936 912 Reg.xv1,
954 841 978 898 2.
1006 841 1089 911 Igitur
1109 847 1227 896 mortuus
1248 847 1288 896 eat

117 925 221 982 Phaeca
232 929 392 984 ennodchar
401 947 445 994 ru,
457 929 503 999 qui
513 927 631 984 loatham
643 947 687 982 rx.
698 945 756 1000 esp.
765 947 808 984 xv.
821 928 923 994 dicitur,
935 927 984 984 hcc
995 933 1036 982 est
1047 927 1081 982 ab
1093 927 1200 982 exordio
1212 929 1288 996 regni

116 1012 241 1078 lentham
253 1015 300 1084 qni
311 1015 387 1068 annis
399 1032 444 1070 rvr
455 1015 588 1084 regnarit,
601 1013 657 1070 eod.
668 1030 725 1084 cap.
735 1031 828 1070 comm
837 1013 879 1069 33.
897 1014 978 1068 Peulo
991 1031 1052 1068 vero
1064 1018 1125 1084 post
1135 1013 1287 1068 vaticinium

117 1098 183 1152 illud
195 1099 427 1170 Teglathphalasar
438 1101 605 1169 Assyriorum
616 1117 677 1164 rex,
694 1100 768 1154 cuius
785 1117 861 1170 opem
871 1099 954 1154 lichaz
971 1101 1168 1170 imploraverat,
1184 1104 1288 1152 vasen

117 1183 198 1253 syria
208 1184 290 1243 Βατία
301 1185 443 1251 interiecit,
460 1201 517 1256 cap.
529 1203 582 1240 rur.
607 1185 659 1238 Diu
674 1185 763 1255 itaque
780 1192 840 1240 ante
856 1203 891 1238 rx.
903 1185 989 1238 Achra
1005 1185 1070 1240 illud
1088 1184 1121 1236 ab
1133 1184 1202 1237 lesia
1213 1200 1285 1254 prae-

118 1270 219 1326 dictum
231 1277 283 1338 ost,
295 1275 388 1342 eque,
399 1271 439 1327 uti
450 1271 570 1326 credibile
582 1276 636 1336 est,
653 1271 702 1324 sub
714 1271 785 1324 illius
797 1271 934 1326 exordium
945 1276 990 1326 aut
1001 1271 1095 1324 saltem
1107 1285 1160 1324 uno
1172 1269 1285 1326 alterove

118 1361 181 1426 pest
191 1373 270 1412 anno.

188 1435 239 1494 Ἦν
251 1441 278 1494 δὲ
290 1439 413 1512 σάββατον
426 1443 642 1514 ὃτατεράττρωτον.]
669 1442 750 1496 Vetus
767 1442 811 1496 ills
828 1442 946 1512 quaestio
963 1447 1016 1506 est,
1034 1441 1096 1512 quid
1112 1441 1148 1494 sit
1162 1439 1285 1510 σάββατον

120 1528 330 1598 δευτιρότρωτσντ
344 1527 375 1580 de
387 1544 439 1598 qua
450 1534 601 1582 sanctorum
611 1527 659 1582 ΡΡ.
671 1527 758 1583 sarim
770 1533 831 1582 sunt
841 1543 872 1580 cc
884 1527 1057 1596 discrepantes
1070 1527 1227 1590 sententiae,
1239 1527 1285 1580 sed

119 1613 247 1682 imprimis
258 1612 352 1666 Isidori
362 1613 507 1668 Pelusiotae
519 1614 594 1684 epist.
601 1627 643 1667 er.
653 1613 697 1666 lib.
704 1629 752 1678 rra,
764 1612 943 1683 Chrysoatomi
954 1611 1043 1664 homil.
1052 1629 1144 1666 ωτι.
1155 1612 1184 1664 in
1192 1611 1285 1666 Matth.

119 1704 146 1750 et
155 1696 296 1768 Epiphanii
306 1714 365 1752 cum
377 1697 426 1752 hcc
437 1699 507 1764 loco,
519 1706 576 1752 tum
587 1698 688 1752 haeresi
700 1716 743 1762 an,
755 1714 827 1752 num.
840 1716 911 1752 mr.
939 1697 1055 1762 Quorum
1067 1697 1173 1766 quidem
1185 1697 1285 1766 opinio-

119 1788 318 1854 nmuwumque
329 1801 390 1838 cum
404 1785 562 1838 minoritate
579 1789 768 1838 consentaneae
784 1788 857 1848 sunt,
874 1785 908 1838 ab
924 1783 1110 1836 recenlioribus
1128 1781 1283 1852 quibusdam

118 1884 213 1939 parum
228 1869 338 1924 fideliter
354 1885 494 1940 expressae
510 1879 580 1924 sunt
605 1869 673 1922 Nem
688 1875 719 1922 ut
734 1869 767 1922 eb
781 1868 881 1922 Isidoro
895 1868 1024 1934 exordiar,
1041 1868 1067 1922 in
1080 1867 1224 1922 Annalibus
1236 1867 1284 1920 Ec·

118 1955 230 2013 clesisst
242 1971 312 2010 suno
324 1953 422 2008 Christi
432 1973 527 2020 uxta,
543 1973 615 2010 num.
626 1973 670 2020 rr,
686 1955 779 2010 Isidori
795 1953 859 2008 haec
874 1953 984 2008 retertur
1001 1954 1210 2024 approbaturque
1225 1968 1284 2006 sen·

118 2042 213 2096 endas
235 2038 364 2109 dupliciter
376 2041 574 2112 δευτιρότρωτσν
588 2043 661 2094 idum
670 2045 755 2110 juisse
773 2043 839 2094 diem
855 2059 919 2110 quae
933 2049 992 2110 post
1003 2043 1117 2110 primam
1132 2039 1283 2106 azymorum

118 2145 174 2178 eruc
184 2130 312 2195 separetur,o
323 2130 409 2196 sicque
421 2129 514 2180 dictum
525 2127 659 2182 sabbatim
670 2129 911 2196 secundo-primum,
923 2144 966 2178 seu
977 2125 1110 2178 sabbatum
1122 2143 1153 2176 es
1164 2125 1283 2190 saetae,-

118 2211 205 2266 abac
217 2215 329 2282 insuper,
346 2214 412 2282 quod
422 2215 509 2266 eadem
523 2213 578 2266 dice
588 2214 721 2266 scanderet
735 2216 763 2266 in
773 2212 906 2264 sabbatium
923 2200 1161 2273 hebdomadarium,¹
1179 2211 1284 2262 duorum

111 2302 238 2366 festorum
249 2301 422 2351 wentresono
434 2299 527 2350 &otum
540 2315 592 2350 esse
603 2299 735 2350 sabbatum
746 2298 916 2352 sabbatorum.
934 2297 1045 2350 Subiicit
1057 2295 1148 2350 deinde
1155 2335 1163 2362 ‚
1175 2295 1284 2350 eandem

117 2399 177 2438 esse
187 2387 216 2438 st
226 2381 365 2454 Epiphsuii
376 2383 544 2448 sententiam,
561 2383 615 2438 imo
627 2389 654 2436 et
665 2383 775 2447 suidas,
793 2386 851 2440 dum
863 2387 991 2452 citsna'sse
1002 2401 1058 2436 com
1071 2385 1136 2436 diem
1147 2384 1283 2435 coenredum
1309 2411 1330 2451 p.
1340 2399 1371 2442 er.

117 2467 265 2534 Parrhasis,
277 2487 351 2538 paam
363 2479 446 2522 tomen
458 2473 686 2540 uomioctprs'mcm
693 2471 850 2538 deponerem.
868 2468 919 2522 Sed
931 2469 958 2522 iu
970 2469 1001 2522 iis
1014 2468 1099 2520 verbis
1111 2467 1162 2522 duo
1175 2473 1283 2522 euntes

117 2553 218 2610 Isidoro
230 2559 320 2608 contre
331 2554 424 2608 Isidori
434 2560 550 2608 mentem
561 2561 588 2608 et
601 2555 743 2610 orationem
754 2555 841 2612 allata
864 2554 994 2620 Alterum,
1006 2554 1144 2606 sabbatum
1157 2553 1284 2606 secundo·

117 2642 231 2712 primum
237 2639 386 2695 dismillsm
395 2641 595 2711 appellariquse
603 2646 664 2712 post
673 2641 784 2712 primam
791 2641 948 2709 haymornrn
957 2656 1020 2692 mcx
1029 2637 1154 2708 sequitur.
1168 2637 1282 2692 Isidorus

117 2728 188 2780 enirn
198 2727 335 2796 perspicue
345 2726 457 2796 primam
468 2726 553 2796 ipsene
562 2727 720 2796 Arymcrum
728 2725 797 2780 diem
805 2725 944 2778 sabbatum
956 2725 993 2776 sit
1005 2739 1062 2777 esse
1072 2722 1282 2793 beurepdcperno3

116 2811 187 2882 ‘quod
199 2811 339 2864 sabbatum
349 2811 407 2866 ideo
417 2817 531 2877 vocatur,
550 2812 708 2882 quisludaei
722 2811 790 2867 festa
803 2811 893 2864 omnia
908 2809 1013 2862 sabbati
1028 2809 1133 2862 nomine
1146 2809 1284 2878 complecti

116 2899 211 2953 solent
242 2897 445 2966 Δευτιρότρωτον
461 2913 523 2952 rere
542 2903 679 2968 propterea
695 2896 796 2962 dicitur,
817 2895 887 2966 quod
903 2894 1017 2949 secunda
1033 2895 1068 2948 eit
1083 2910 1100 2946 a
1114 2892 1240 2948 Postdate
1258 2899 1284 2948 et
1343 2901 1344 2906 ’

116 2983 276 3051 hymeram
286 2983 379 3052 prima.
396 2983 655 3038 Isidorirerbssunt:
668 2983 871 3051 Δευτερότρωτσν
880 2981 979 3052 εἴρηται,
991 2977 1072 3046 ἐπειδὴ
1086 2980 1183 3050 δεύτερα
1197 2976 1240 3050 μὲν
1253 2973 1282 3046 ἦν

117 3072 160 3122 τοῦ
172 3065 279 3137 Πάσχα,
291 3069 389 3135 πρῶτον
401 3067 428 3120 cl
440 3071 489 3120 τῶν
507 3068 626 3138 Ἀζύμων·
641 3065 743 3137 ἓσττάρας
761 3066 808 3138 γάρ
821 3067 916 3129 θύοντες
928 3066 956 3120 r'o
970 3063 1060 3137 Πάσχα
1071 3071 1100 3136 τῇ
1113 3063 1165 3132 ἑξῆς
1178 3063 1282 3132 τὴντῶν
1388 3059 1402 3078 “

118 3151 232 3222 Ἀζάμων
240 3149 416 3224 ἐπανηγύριζσν
425 3151 519 3223 ἑορτὴν,
530 3153 560 3218 ἣν
569 3153 609 3206 καὶ
618 3153 814 3224 δευτιρόττρωτον
824 3151 926 3206 indicos
939 3153 978 3206 διὰ
990 3151 1031 3220 rh,
1044 3149 1077 3214 ὡς
1090 3148 1156 3222 ἔφην,
1170 3150 1282 3221 δευτέραν

118 3236 161 3310 pis
173 3232 232 3291 εἶναι
244 3241 289 3290 τοῦ
301 3236 404 3309 Πάσχα,
417 3239 516 3308 πρώτην
525 3237 554 3290 δέ
564 3241 612 3290 τῶν
624 3236 745 3308 'diripera
764 3239 903 3294 Manifeste
912 3239 1022 3310 primam
1031 3238 1115 3310 ipsam
1124 3239 1283 3307 Arymorum

118 3325 185 3378 diem
197 3323 396 3394 δτντερότρωτον
407 3325 538 3390 nominet,
549 3341 607 3378 esm
616 3324 736 3380 videlicet
746 3326 795 3380 sub
807 3326 880 3378 cuiue
891 3325 1004 3396 priorem
1016 3341 1150 3394 vesperam
1163 3323 1282 3378 immola-

117 3415 173 3466 tum
189 3415 232 3464 est
245 3407 358 3474 Pascha,
377 3427 431 3464 non
448 3410 481 3464 ah
497 3411 544 3466 ills
558 3410 699 3464 secundem
716 3426 747 3464 so
763 3411 919 3482 proximam.
945 3411 1036 3464 Isidori
1048 3411 1128 3464 verbs
1144 3427 1191 3463 suo
1209 3427 1281 3464 more

118 3495 212 3550 Suidss
224 3495 373 3564 exscripsit.
407 3495 523 3550 Alterum
545 3497 615 3567 qnod
631 3497 664 3550 ab
681 3495 773 3550 Isidori
787 3497 917 3550 sententia
933 3495 1069 3550 abhorrere
1084 3496 1140 3549 dixi
1153 3495 1218 3550 illud
1235 3501 1281 3562 est,

118 3581 185 3652 quod
199 3582 228 3634 in
245 3580 355 3634 eandem
367 3581 435 3636 diem
446 3583 586 3636 sabbatum
597 3583 743 3652 legitimum
759 3589 786 3636 et
796 3581 1026 3636 hebdomadarium
1043 3581 1189 3646 incidisset,
1206 3582 1239 3634 ob
1255 3581 1282 3634 id

117 3667 256 3722 sabbatum
267 3665 436 3722 sabbatorum
447 3669 605 3740 appellatum
616 3668 706 3722 luisse.
733 3667 784 3722 Sed
801 3667 927 3720 eiusmodi
945 3665 1009 3720 nihil
1025 3668 1058 3722 ab
1069 3667 1167 3722 Isidoro
1180 3667 1280 3720 dicitnr.

117 3751 170 3804 Hoc
186 3768 282 3816 unum,
298 3757 328 3804 ut
342 3754 470 3808 rationem
487 3753 605 3808 redderet
622 3770 667 3808 cur
679 3753 817 3808 sabbetum
828 3753 913 3823 prima
924 3753 969 3806 illa
980 3753 1034 3807 dies
1046 3753 1203 3822 Azymorum
1215 3768 1281 3806 nun·

119 3842 238 3907 cupetur,
260 3837 410 3902 subiunxit,
427 3839 565 3894 sabbatum
580 3855 597 3892 a
612 3839 714 3894 Indaeis
734 3839 831 3892 lentum
847 3855 951 3892 omnem
969 3839 1037 3892 diem
1054 3839 1152 3902 vocari,
1170 3836 1281 3906 indeque

118 3922 239 3992 loquendi
249 3937 335 3992 genus
347 3923 409 3976 illud
421 3940 556 3989 manasse,
572 3923 684 3994 σάββατα
701 3921 840 3993 σαββάτων,
858 3925 981 3994 quoniam
999 3924 1131 3978 accidebat
1143 3922 1281 3989 interdum,

119 4013 147 4060 ut
164 4007 278 4062 alicuius
295 4007 355 4062 testi
371 4009 527 4080 principium
545 4015 591 4063 aut
606 4008 666 4062 finis
685 4010 713 4062 in
733 4008 963 4066 hebdomadarium
983 4011 1123 4064 sabbatum
1143 4008 1280 4076 incideret;

119 4093 338 4164 quemadmodum
349 4094 418 4166 opud
431 4093 590 4148 Christianos
606 4093 821 4160 inemendati,
837 4094 886 4148 hoc
901 4101 941 4148 est
952 4094 1109 4166 Epiphania,
1127 4095 1155 4148 in
1170 4095 1280 4150 domini·

119 4195 175 4234 cum
183 4180 305 4234 incurrit:
319 4178 393 4232 Οὖτω
402 4179 443 4232 seri
452 4177 510 4250 παρ’
520 4177 627 4247 αὖτοῖςὴ
637 4180 677 4232 acl
686 4179 701 4247 ἡ
709 4181 841 4250 πανήγυρις
848 4184 884 4252 τῷ
894 4179 1012 4250 σαββάτῳ
1022 4179 1157 4248 συνέπιπτε,
1168 4179 1280 4250 σάββατα

119 4263 247 4336 σαββάτων
259 4262 378 4320 ἐκαλεῖτο.
406 4263 593 4336 Corrigendum
604 4263 624 4317 ei
635 4266 675 4318 eal
686 4265 702 4333 ἡ
715 4284 770 4321 ταν.
797 4265 881 4330 Quare
890 4283 944 4320 non
961 4283 991 4319 eo
1008 4281 1088 4332 anno,
1105 4283 1182 4336 quern
1194 4267 1279 4322 Lucas
1366 4337 1367 4341 ἵ

118 4357 313 4416 commemorat
321 4367 480 4409 concursum
490 4352 565 4408 illum
576 4351 698 4407 incidisse
709 4352 800 4406 scribit
811 4352 932 4416 isidorus,
949 4351 995 4406 sed
1007 4353 1073 4406 alias
1084 4349 1207 4424 potuisse,
1220 4370 1279 4408 cnm

118 4438 227 4492 sabbeta
236 4437 406 4492 sabbatorum
418 4443 579 4490 reserentur.
596 4435 689 4490 Isidori
698 4439 772 4492 lccue
784 4439 931 4492 necessario
943 4437 1128 4492 adscribendus
1140 4445 1192 4494 ost:
1211 4435 1241 4490 Ei
1252 4437 1279 4491 bl

120 4520 235 4595 σαββάτῳ
248 4520 355 4594 ιῖρηται,
365 4520 400 4595 μὴ
410 4519 544 4594 θαυμάσῃς.
570 4519 698 4593 nappaeae
715 4519 762 4594 γάρ
779 4525 859 4576 πᾶσαν
876 4515 960 4593 άοβτὴν
976 4523 1092 4595 καλοῦσι,
1108 4523 1149 4578 καὶ
1161 4524 1200 4578 διὰ
1211 4521 1279 4576 τοῦτ’
