3104 5038
191 619 238 671 dl)
256 619 428 672 Haesesml
447 619 597 682 Lxxvm,
614 617 1045 672 ANTIDICOMARIANITARUM.

107 739 143 790 lie
154 739 469 792 Antidicomarianitarum
482 739 616 808 dogmate,
630 740 697 808 quod
709 739 858 792 Iovinianus
870 739 1063 808 propugnabat,
1080 745 1197 790 accurate

52 823 152 892 disputat
163 824 344 892 Hieronymus.
366 825 428 878 Vide
447 829 473 877 et
491 825 656 878 Ambrosium
673 841 731 877 cum
750 825 807 877 aliis
825 825 851 876 in
869 825 945 888 locis,
963 830 1018 875 tum
1036 823 1116 892 Epist.
1130 841 1153 876 v.
1173 829 1198 875 et

53 927 89 962 ιιι.
105 909 147 961 lib.
159 927 176 961 1.

107 993 137 1047 N.
150 1011 195 1047 νιν.
220 987 299 1054 Οὗτος
312 993 354 1063 pia
368 994 413 1064 γὰρ
427 992 439 1046 ὁ
452 992 563 1064 Ἰωσήφ]
587 996 625 1048 lie
636 994 684 1048 bac
696 995 833 1064 Epiphanii
845 995 986 1056 sententia,
999 999 1024 1046 et
1036 995 1142 1063 quinam
1154 993 1197 1046 do·

51 1079 105 1131 mini
115 1079 206 1131 iratres
218 1079 257 1132 illi
268 1079 377 1144 fuerint,
395 1079 527 1150 copiosam
545 1080 624 1134 bobes
643 1081 843 1151 disputationem
857 1082 884 1134 in
897 1082 1030 1150 Apparatu
1040 1080 1072 1132 ad
1085 1081 1197 1134 Annales

49 1163 233 1217 Ecclesiasticus
245 1181 315 1216 num.
327 1183 369 1218 nx.
383 1181 412 1216 ac
425 1165 553 1236 deinceps.

107 1247 208 1317 Ὠβλὲαν
221 1247 409 1319 ἑρμηνευόμενον
422 1251 521 1320 τεῖχος]
557 1251 648 1304 illelius
662 1269 739 1320 quam
752 1253 915 1321 Hegesippus
927 1251 995 1320 apud
1008 1251 1101 1303 Euseb.
1113 1251 1157 1304 lili.
1170 1269 1196 1304 ιι.

49 1349 96 1403 rap.
105 1353 179 1388 xrrrr.
191 1335 260 1386 unda
272 1333 335 1386 haee
347 1335 482 1405 desumpta
494 1343 567 1400 suut,
585 1338 627 1404 qui
641 1336 733 1404 ὠβλίαν
746 1339 928 1406 interpretetur
941 1335 1055 1406 περιοχὴν
1073 1340 1116 1387 τοῦ
1133 1335 1196 1388 λαοῦ

50 1419 82 1468 καὶ
93 1419 251 1484 δικαιοσύνην.
275 1419 326 1472 Sed
338 1425 378 1472 eet
389 1421 511 1472 Hebraico
527 1393 639 1492 nobba·
655 1441 715 1484 nra,
728 1423 782 1473 sive
796 1426 897 1472 ννκινννίιό
910 1423 959 1474 dei.

106 1503 134 1558 N.
147 1521 184 1560 rr.
209 1504 261 1555 Τοῦ
274 1503 299 1556 δὲ
312 1503 424 1574 Ἡρώδου
441 1501 469 1570 ἦν
488 1503 542 1556 κατ’
555 1503 631 1556 ἐκεῖνο
650 1509 755 1573 καιροῦ]
791 1507 895 1558 Falsum
914 1513 953 1558 est
971 1505 1096 1558 Herodem
1115 1507 1196 1568 illum,

49 1604 91 1656 qro
102 1595 226 1658 regnante
237 1605 331 1658 passus
343 1597 381 1642 eet
394 1589 527 1653 dominus,
541 1589 657 1642 dra-belai
669 1591 748 1642 luisse
761 1591 856 1654 filium,
869 1592 1002 1659 multoque
1014 1591 1111 1660 magis,
1127 1589 1196 1660 quod

49 1681 70 1723 et
78 1675 151 1742 paule
162 1681 223 1744 post
232 1683 257 1726 et
268 1675 341 1728 initio
354 1676 438 1744 operis
450 1673 540 1738 huius,
558 1675 584 1726 in
602 1677 672 1726 calce
685 1675 759 1726 Tomi
776 1677 880 1744 prioris,
898 1677 1050 1738 affirmavit,
1069 1675 1194 1728 Herodem

50 1759 178 1828 Agrippam
190 1759 280 1814 fuisse.
315 1759 374 1812 Fuit
385 1761 454 1812 enim
466 1761 578 1812 Herodes
592 1760 700 1830 Antipas
712 1761 819 1814 Herodis
832 1761 921 1829 magni
932 1761 1014 1824 filine,
1032 1769 1061 1812 ut
1077 1761 1109 1812 ad
1121 1763 1194 1812 illum

49 1843 123 1895 locum
136 1845 302 1898 observatum
314 1853 362 1899 est.

106 1927 134 1981 H.
146 1947 181 1982 rr.
206 1925 285 1982 ’λλλόι
297 1928 330 1998 μὴ
343 1934 415 1982 τοῦτο
428 1935 522 2000 στροφῇ
535 1928 566 1990 εἰς
579 1929 692 1998 βλάβην]
716 1929 897 1996 Συνειςοίκτους,
914 1930 961 1984 hoc
974 1937 1013 1982 est
1024 1932 1194 1984 contuberna-

49 2013 80 2064 les
91 2013 238 2066 clericorum
250 2015 374 2080 leoninas,
388 2031 451 2084 quas
465 2026 600 2068 extranens
612 2016 696 2069 Latini
710 2027 815 2078 vocant,
828 2017 982 2068 damnarunt
995 2023 1091 2070 veteres
1105 2017 1150 2068 l‘l‘.
1164 2033 1193 2068 ae

49 2101 141 2167 saepius
151 2105 252 2152 veterae
264 2100 369 2168 synodi,
388 2107 416 2153 ut
432 2101 676 2166 NicaenaGen.1rr.,
693 2103 904 2170 Carthuglnensie
917 2121 955 2155 nr.
970 2101 1031 2154 Gerr.
1043 2121 1114 2164 τινι,
1133 2103 1193 2154 λιιι·

48 2181 142 2236 latensie
153 2203 181 2238 rr.
195 2183 258 2237 Gan.
268 2203 315 2250 rm,
327 2186 452 2238 'l'oletana
463 2205 498 2239 ιν.
512 2186 659 2251 ean.xr11.‚
673 2187 783 2240 Basilius
797 2189 876 2257 Epist.
889 2187 920 2240 ad
935 2189 1021 2256 Greg,
1040 2203 1105 2256 quae
1118 2205 1194 2240 cano-

48 2269 97 2320 oica
113 2286 128 2320 a
144 2269 300 2323 Balsamoue
318 2279 443 2334 censetur,
461 2287 521 2341 pag.
537 2271 617 2335 1022,
636 2273 794 2325 Antiocheno
808 2274 922 2340 synodus
936 2274 963 2326 in
981 2274 1090 2342 epistola
1104 2283 1195 2326 corrtra

46 2351 143 2407 Paulum
155 2355 283 2408 samosat.
296 2355 364 2424 apud
377 2355 469 2408 Euseb.
482 2357 526 2410 lib.
537 2375 582 2410 vu.
595 2373 650 2426 cap.
661 2376 731 2410 xxiv.
744 2357 785 2416 τὰς
804 2357 829 2409 δὲ·
842 2355 1009 2418 Συνειςᾶικτους
1023 2357 1098 2410 αὐτοῦ
1110 2363 1194 2428 γυναῖ-

48 2457 94 2508 κας,
109 2437 141 2500 ὡς
153 2438 285 2510 Ἀντιοχεῖς
300 2437 448 2510 ὀνομάζουσι
465 2449 512 2494 ete.
548 2441 656 2494 Eosdem
676 2449 701 2494 et
718 2444 862 2512 insequitur
879 2443 970 2495 Noster
988 2445 1014 2494 in
1033 2443 1105 2494 Haer.
1120 2461 1193 2498 uxrrr.

47 2539 107 2576 num.
119 2543 145 2580 rr.
161 2526 203 2585 τὰς
216 2523 342 2594 ἂγαπητὰς
355 2525 486 2596 λεγομένας
505 2525 668 2588 ουνειςάκτοος
681 2531 803 2596 γυναῖκας.
838 2527 1010 2596 Hieronymus
1028 2530 1125 2596 passim
1143 2537 1193 2580 tru-

47 2607 117 2672 ducii,
134 2612 248 2663 maxime
266 2611 297 2662 ad
310 2611 478 2664 Eustochium
491 2612 571 2681 Epist.
581 2631 660 2666 xxm:
688 2613 758 2664 Unde
769 2617 795 2662 ν’νι
808 2615 929 2662 scultetus
941 2617 1104 2680 agapetarum
1113 2618 1193 2679 pestis

46 2697 148 2748 introiit!
174 2696 245 2748 Unde
256 2701 309 2748 sine
322 2701 415 2764 rruptir's
428 2699 501 2748 erliud
512 2716 597 2749 nomeu
610 2701 729 2750 urorum!
744 2702 792 2748 inre
810 2700 874 2748 ursule
891 2717 977 2748 norum
996 2698 1191 2748 coruubinorum

46 2783 128 2842 perurat
150 2779 272 2833 Cavenda
284 2798 344 2833 rere
357 2781 468 2834 Mariani
477 2781 583 2834 Victorii
594 2782 626 2834 ad
638 2781 705 2834 hunc
718 2782 867 2849 Hieronymi
880 2782 964 2834 locum
978 2781 1136 2844 observatio,
1149 2783 1193 2850 qui

47 2871 158 2932 agapetas
170 2881 187 2917 a
199 2864 351 2919 Christianis
364 2867 502 2931 conviciis,
518 2883 582 2936 quae
596 2863 690 2937 ἀγάπας
702 2867 850 2930 nominant,
867 2867 994 2919 derivatas
1008 2875 1107 2931 censet,
1125 2867 1192 2936 quod

47 2955 79 2998 est
89 2949 230 3004 ridiculum.

104 3035 168 3086 ψαολ
180 3035 223 3101 τὴν
236 3035 354 3104 λέαιναν]
377 3037 502 3089 Fabulam
514 3034 580 3089 hanc
592 3037 707 3107 plerique
720 3037 848 3090 refellunt.
873 3037 1021 3090 Aristoteles
1034 3055 1092 3090 erce
1105 3039 1149 3092 lib.
1160 3057 1193 3094 vr.
1236 3083 1239 3090 .

45 3117 128 3172 Hister.
141 3137 196 3192 cap.
207 3139 291 3174 mn:
314 3120 344 3173 ‘0
357 3121 383 3173 di
395 3121 488 3190 λεχθεὶς
501 3121 574 3191 μῦθος
588 3121 640 3192 περλ
653 3128 695 3174 τοῦ
708 3119 833 3192 ἐκβάλλειν
845 3123 887 3184 τὰς
899 3123 999 3192 ὑστέρας
1012 3123 1136 3192 τίκτοντα,
1148 3124 1192 3190 λη-

47 3201 115 3269 ρώδης
127 3203 183 3256 ἐστι’·
197 3207 308 3272 συνετέθη
322 3207 347 3258 el
360 3205 385 3258 ἐκ
398 3211 441 3258 τοῦ
454 3207 568 3268 σπανίους
581 3201 638 3258 εἶναι
650 3208 706 3267 τοὺς
718 3207 828 3276 λεόντοις,
843 3207 991 3279 ἀποροῦντος
1004 3207 1045 3275 τὴν
1059 3207 1135 3260 αἰτίαν
1149 3216 1191 3262 τοῦ

47 3303 81 3336 τον
92 3291 163 3358 μῦθον
175 3292 310 3352 erudimur.
334 3293 384 3345 Sed
397 3299 422 3345 et
434 3291 603 3346 Philostratus
616 3299 643 3346 et
654 3294 706 3346 alii.

102 3375 131 3428 N.
143 3395 181 3430 m.
204 3377 288 3429 Μόνον
301 3379 382 3448 τούτῳ
394 3382 431 3447 τῷ
444 3377 577 3446 ’λακὼβῳ.]
611 3379 682 3431 Idem
694 3385 782 3432 narrat
794 3381 868 3432 Haer.
879 3398 960 3442 rxrx,
973 3397 1043 3432 num.
1056 3399 1097 3443 ru,
1109 3381 1154 3433 ubi
1167 3386 1192 3434 et

45 3463 115 3512 totam
127 3461 213 3514 lecobi
225 3462 358 3516 historiam
371 3469 498 3528 recenset,
516 3465 589 3516 cuius
605 3471 681 3516 autor
692 3465 854 3534 Hegesippus
868 3465 935 3534 apud
948 3465 1087 3518 Eusebium
1106 3467 1149 3519 lib.
1162 3485 1189 3520 n.

46 3559 92 3612 cap.
101 3564 182 3611 xxm,
194 3549 240 3617 qui
252 3548 277 3600 id
290 3549 418 3601 ueteribus
430 3550 570 3617 persuasit,
583 3555 611 3600 ut
623 3549 779 3616 Hieronymo
792 3551 835 3602 lib.
849 3551 880 3601 de
893 3550 996 3619 Scriptt.
1008 3549 1104 3603 Eccles.
1140 3551 1191 3604 Sed

46 3633 116 3682 multa
127 3641 187 3685 sunt
198 3634 225 3685 in
239 3633 346 3686 historia
358 3635 414 3696 illa,
433 3649 499 3704 quae
511 3635 643 3686 nonnullis
655 3634 797 3704 displicent.
833 3635 949 3703 Scaliger
961 3652 1021 3688 uero
1034 3637 1059 3688 iu
1073 3636 1190 3690 Arrinrod.

45 3715 72 3764 ad
88 3731 179 3770 annum
193 3735 332 3773 nurxrvrr.
351 3727 475 3787 tanquam
494 3720 596 3772 inanem
608 3719 725 3772 tabulam
738 3721 842 3790 respuit.
877 3719 1094 3790 Reprehensionis
1106 3721 1190 3790 capita

45 3797 98 3852 haec
110 3802 160 3854 iere
172 3810 241 3855 sunt.
262 3802 336 3866 Quod
347 3803 440 3856 Iacobo
453 3804 503 3856 soli
514 3805 603 3858 scribit
614 3805 776 3874 Hegesippus
788 3807 814 3857 in
827 3813 916 3858 sancta
928 3813 1077 3858 sanctorum
1089 3805 1191 3875 ingredi

44 3881 143 3940 licuisse.
165 3889 247 3957 Atqui
258 3890 302 3941 uni
314 3905 416 3942 summo
427 3889 556 3958 pontifici,
572 3889 648 3958 idque
660 3893 741 3942 semel
753 3892 779 3942 in
793 3907 873 3953 aurio,
892 3908 1045 3944 cencessum
1063 3899 1125 3945 erat.
1150 3890 1188 3942 la·

45 3970 113 4023 cobus
130 3979 216 4026 autem
235 3991 267 4026 ne
284 3973 374 4026 Levita
393 3974 495 4042 quidem
514 3981 576 4026 erat.
611 3975 709 4027 Deinde
729 3977 789 4044 quia
807 3993 900 4027 caussa
917 3993 961 4027 cnr
979 3973 1010 4034 εἰς
1023 3975 1052 4026 τὰ
1066 3973 1121 4044 ἅγια
1133 3993 1188 4046 per·

45 4055 126 4109 missus
138 4059 172 4110 sit
183 4059 282 4122 editus,
294 4058 356 4110 haec
369 4059 482 4124 affertur,
495 4060 563 4128 quod
576 4060 650 4111 lineis
663 4061 790 4123 vestibus,
803 4079 854 4112 non
868 4061 961 4123 laneis,
979 4067 1100 4117 uteretur.
1136 4061 1188 4112 Hoc

44 4147 118 4193 autem
135 4145 196 4196 solis
214 4145 401 4207 sacerdotibus,
420 4161 478 4196 cum
496 4146 576 4196 sacris
594 4146 774 4214 operabantur,
791 4147 888 4198 licitum
906 4146 962 4197 luit.
996 4146 1081 4198 Tertio
1098 4155 1188 4214 gentes

44 4225 75 4274 ait
85 4241 138 4279 rum
150 4229 252 4280 ludaeis
264 4231 428 4294 conuenisse,
448 4229 516 4298 quod
534 4229 673 4282 absurdum
692 4238 742 4293 est3
760 4248 844 4300 neque
859 4233 926 4282 enim
940 4233 1048 4299 gentiles
1061 4231 1092 4282 ad
1107 4233 1187 4284 ullum

44 4305 182 4365 ludaeorum
201 4314 295 4366 testum
314 4313 485 4366 confluebant.
521 4313 743 4376 Quemadmodum
756 4325 781 4369 et
793 4316 854 4368 illud
867 4316 960 4368 falsum
974 4315 1043 4385 quod
1056 4335 1093 4368 nn
1106 4319 1187 4370 tribus

44 4393 143 4450 adfuisse
152 4399 222 4461 dicit,
235 4415 293 4452 cnm
305 4415 350 4468 per
362 4399 424 4452 illud
433 4405 534 4468 tempus
548 4399 612 4450 duae
624 4407 725 4452 tanturn
737 4401 828 4464 forent,
840 4403 954 4470 reliquae
967 4419 981 4453 x
995 4402 1092 4470 pridem
1106 4404 1132 4456 in
1145 4419 1186 4455 ca·

43 4479 172 4542 ptiritatem
190 4484 326 4537 abductae.
361 4483 457 4547 Quarto
470 4483 575 4536 Osanna
586 4484 663 4538 refert
674 4503 689 4538 a
701 4485 801 4538 ludaeis
813 4487 995 4551 acclamatum,
1014 4487 1082 4557 quod
1094 4489 1120 4540 in
1132 4505 1186 4540 sce·

43 4569 141 4637 oopegia
151 4570 238 4623 solnm
250 4569 409 4636 clamabant,
426 4585 485 4624 cum
500 4584 586 4624 ramos
598 4587 631 4623 err
644 4571 779 4624 arboribus
791 4571 974 4642 defringerent.
1010 4572 1103 4636 Quinto
1115 4573 1186 4626 laco·
