3126 5046
304 311 452 370 emim

302 467 462 540 εὐδαιμόνων,
478 469 506 522 in
523 484 576 539 qna
586 467 696 524 dehoata
707 469 838 524 urnniast
852 469 885 524 ad
901 469 995 524 iuxusa
1005 469 1075 524 tauta
1085 467 1272 534 uniebantur,
1287 467 1359 539 apud
1368 467 1460 524 suen

301 555 346 609 lit.
359 569 407 608 ιιι.
430 554 495 608 Vide
506 554 615 610 fluidam
625 560 652 610 et
662 553 835 610 hastathium.
868 555 923 611 iios
933 554 1090 610 swabultm
1102 554 1136 608 ad
1146 551 1335 610 musetum
1346 551 1461 624 [κάνορος.

302 640 357 694 siue
369 638 456 710 μονὰς,
468 641 624 694 translatum
635 646 732 694 norunt
742 642 784 694 rel
794 640 877 712 pueri

370 725 503 796 Paropinos
515 725 567 778 ineis
579 725 765 797 uiuamus]
788 725 902 782 iusum.
931 726 1078 782 Constantii
1087 724 1175 782 calui
1185 741 1269 798 genas
1280 725 1425 781 Trebellius
1435 725 1462 780 in

303 810 411 865 Claudio
422 811 459 865 ita
471 809 604 866 describit:
621 811 751 876 Claudius,
766 811 907 874 Quintilius
914 821 939 865 at
949 812 1056 883 Οσιλριιι
1060 815 1284 882 sramssueraat.
1308 811 1398 882 Goieps'
1403 812 1463 881 pitia

305 897 429 960 Cioudiu,·
447 915 478 950 aa
493 915 524 950 eo
541 907 565 950 ei
575 897 699 967 Eutropio
711 898 862 950 nobilissimo
870 902 952 967 pestis
963 898 1110 952 Dardanae
1120 902 1177 951 σιίιυ
1190 897 1354 950 &meua
1365 896 1463 950 Οοοιιιι

304 991 342 1034 eat
349 986 456 1050 penitus.
472 981 563 1052 itaqua
576 982 680 1035 Claudii
690 999 737 1053 pru
754 983 890 1036 Valeriani
899 984 1012 1038 sorihm
1023 983 1107 1037 voluit
1116 981 1285 1054 Epiphanius.
1307 981 1463 1053 nunquan

304 1068 374 1120 enirn
385 1085 439 1122 non
449 1067 532 1138 ipsius
545 1067 659 1133 Claudii,
671 1069 716 1122 sod
727 1069 783 1122 eius
794 1068 881 1122 trahis
892 1085 974 1140 nepos
985 1069 1075 1134 tuerit,
1086 1086 1103 1123 a
1113 1069 1244 1140 plenisque
1254 1073 1357 1134 men,
1369 1069 1415 1139 qni
1423 1068 1464 1122 ret

304 1153 455 1207 &mando
467 1154 531 1224 ipsi,
541 1155 584 1208 sel
593 1153 777 1218 Gonstauttuo‚
788 1155 876 1208 einans
887 1155 998 1226 posteris
1009 1155 1191 1220 adulabantur,
1202 1154 1236 1208 ad
1243 1153 1382 1210 Claudium
1391 1154 1463 1222 urigo

304 1239 406 1310 generis
423 1238 540 1294 retertur.
574 1239 640 1292 Eoos
656 1239 704 1292 tihi
718 1240 760 1294 rei
772 1239 915 1294 Trebellius
930 1241 987 1312 ipse
1003 1241 1081 1312 paulo
1098 1245 1159 1296 ants
1171 1239 1353 1294 Constantiani
1365 1237 1465 1294 cinnat

305 1337 414 1395 nepotem
425 1325 540 1395 appellat
556 1331 582 1378 et
594 1325 724 1393 deponas
729 1329 813 1393 fuisse
818 1327 942 1394 familiae
958 1326 1055 1381 scribit.
1089 1325 1156 1380 Nan
1173 1332 1200 1380 et
1215 1325 1355 1397 Eutropius
1370 1324 1465 1378 deute

305 1411 405 1465 ctuudii
419 1427 465 1481 per
476 1410 559 1464 filiam
575 1415 696 1481 nopotem
708 1409 889 1464 Constantium
904 1411 979 1476 iacit,
994 1417 1022 1464 et
1032 1411 1160 1468 Eusebius
1175 1412 1203 1466 iu
1215 1409 1358 1476 Chorion,
1373 1427 1407 1464 ao
1419 1427 1465 1480 pe·

307 1503 403 1550 suanno
414 1495 530 1550 iuhauus
542 1493 556 1547 ὁ
569 1494 709 1566 παραβάτης
722 1497 749 1548 iu
761 1496 861 1550 dnobuu
869 1495 966 1567 Paneg.
976 1497 1122 1552 Constantii
1129 1495 1294 1551 Onustantini
1304 1495 1388 1562 r.,nu
1399 1511 1464 1566 ques

306 1583 336 1636 de
348 1581 493 1635 Constantii
506 1597 601 1652 genere
613 1581 810 1652 disputavimus.
1332 1623 1334 1631 .

373 1667 404 1720 N.
417 1685 446 1721 ιι.
470 1665 519 1718 Σὺν
531 1671 560 1736 τῇ
573 1672 614 1718 νῦν
631 1667 773 1736 κτισθείσῃ]
808 1667 890 1721 Huius
907 1668 1034 1722 eoaissiaa
1051 1667 1170 1722 meminit
1185 1665 1343 1722 Athanasius
1359 1667 1435 1739 Apol.
1445 1686 1464 1724 1.

307 1751 374 1806 Nam
387 1751 455 1804 iilius
467 1767 562 1805 caussa
573 1753 729 1806 oalumniam
742 1754 775 1806 ab
788 1753 891 1806 Arianis
902 1769 996 1824 passus
1007 1761 1059 1818 est,
1070 1753 1140 1824 quod
1151 1752 1296 1824 synaxibus
1307 1753 1361 1806 iilia
1371 1752 1465 1806 habitis

305 1838 429 1892 snoaenia
440 1839 635 1907 praeuertisset,
645 1839 722 1908 idque
733 1839 896 1910 imperatoris
907 1840 1016 1895 iniussu.
1039 1836 1139 1906 Ἐπειδὴ
1148 1837 1175 1892 u
1186 1838 1227 1890 aei
1237 1838 1293 1908 arpi
1303 1841 1348 1904 τῆς
1358 1836 1465 1908 μεγάλης

306 1921 434 1988 ἐκκλησίας
447 1923 623 1992 κατειρηκασιν,
636 1921 669 1984 in
682 1923 712 1990 δὴ
724 1922 843 1986 unvitans
853 1922 901 1978 iusi
910 1924 1039 1996 γενομένης
1049 1924 1104 1996 πρὶν
1113 1922 1187 1991 adripe
1196 1923 1358 1990 τιλειονθῆναι.
1375 1923 1467 1978 Postea

306 2008 375 2062 huno
394 2008 505 2062 eundem
517 2005 645 2079 ἐπώνυμον
661 2010 806 2064 Constantii
822 2012 899 2064 uinus
915 2011 1040 2081 appellat,
1058 2025 1151 2080 nempe
1168 2012 1237 2080 quod
1255 2009 1383 2063 ὓιοσαισιι
1399 2009 1467 2062 diota

306 2095 351 2158 sit;
368 2094 466 2164 alioqui
476 2093 690 2148 Constantianam
703 2096 836 2149 basilicam
847 2097 1009 2150 nominatam
1026 2095 1169 2160 aedanus,
1184 2094 1236 2148 nisi
1252 2095 1324 2165 prius
1339 2095 1404 2148 iilud
1421 2111 1466 2148 no·

305 2195 366 2232 meu
378 2179 502 2231 initiaret
512 2177 679 2249 Epiphanius.
703 2181 754 2233 Ssd
767 2179 834 2234 hano
845 2181 980 2236 hasiiiaam
992 2182 1055 2236 olim
1066 2179 1204 2252 Ἀδρειιινὶιν
1216 2180 1374 2251 appellatam
1384 2180 1466 2234 inisse

306 2268 427 2328 testatur3
438 2263 504 2318 iorte
517 2265 586 2334 quod
597 2265 630 2317 ab
642 2263 755 2320 Adriano
768 2273 860 2320 erecta
895 2265 1047 2322 Guiaarnodi
1057 2266 1184 2337 tempium
1193 2266 1257 2320 iliud
1268 2266 1320 2320 init
1330 2263 1464 2320 'libaninis

307 2349 340 2401 ab
352 2348 444 2402 eodem
454 2349 609 2420 imperatore
621 2351 752 2404 eonditum
765 2352 833 2422 quod
846 2349 1003 2422 Ἀδριιάνιιον
1014 2353 1156 2417 sonabant,
1166 2351 1287 2422 qnodqna
1297 2349 1408 2422 Iosepho
1416 2349 1463 2404 Go-

307 2434 369 2487 mite
380 2435 407 2486 in
420 2435 555 2488 eeclesiam
568 2441 696 2489 mutatum
708 2437 798 2492 soribit
808 2437 883 2492 Haut.
894 2453 956 2492 xxx.
969 2455 1052 2492 n.x11.
1083 2438 1124 2492 Ea
1135 2453 1188 2508 quo
1200 2437 1279 2492 rideri
1290 2441 1378 2508 potest
1387 2437 1464 2490 etiam

306 2517 355 2572 hoo
375 2520 433 2573 looo
453 2517 610 2590 Ἀδρειάνειον
630 2521 776 2592 legendum.
811 2521 947 2577 Caeterum
964 2523 1106 2578 Adrianuna
1123 2524 1211 2578 tibias
1227 2523 1256 2576 in
1273 2522 1396 2593 operibus
1410 2534 1464 2576 noa

308 2619 410 2658 amasse
422 2605 508 2676 prodit
518 2607 545 2660 ln
558 2607 612 2660 aius
625 2608 678 2661 sita
689 2607 851 2678 Spartianus.

376 2689 509 2761 Γρηγυρίυυ
522 2697 565 2744 τοῦ
577 2692 751 2761 Μιλητιανοῦ]
772 2694 925 2765 Gregoriuau
937 2694 1118 2766 Cappadousra
1128 2693 1263 2765 intelligit,
1275 2694 1367 2764 quiex
1377 2693 1464 2748 Antio·

310 2773 393 2827 chana
409 2777 507 2844 synodo
526 2777 709 2833 Alexandriam
725 2780 822 2834 missus
839 2786 865 2834 et
876 2780 1019 2834 Athanasio
1037 2779 1153 2851 deposito
1173 2795 1308 2834 sueooesor
1324 2779 1401 2834 datus
1418 2785 1464 2832 est.

310 2859 361 2913 Sed
372 2859 440 2912 idem
451 2867 540 2930 postes
551 2865 578 2916 iu
588 2864 735 2919 Sardianusi
743 2866 853 2920 consilio
864 2867 982 2920 redactus
994 2869 1021 2920 in
1033 2865 1164 2930 orthem,
1174 2865 1332 2920 Athanasius
1339 2881 1402 2920 raro
1411 2864 1465 2920 sadi

310 2959 371 2998 suae
383 2945 522 2999 restitutus.
545 2948 696 3020 Quanquam
709 2951 828 3004 Sooratas
840 2957 866 3004 et
877 2951 1037 3006 &numanus
1050 2951 1215 3022 annuum,
1227 2951 1297 3022 quod
1309 2951 1463 3006 &buum

310 3033 429 3084 causum
440 3046 533 3100 parum
543 3039 647 3089 strenue
657 3043 833 3106 promoveret,
845 3037 878 3090 ab
891 3037 994 3090 Arianis
1004 3037 1069 3108 ipsis
1080 3043 1208 3092 remotum
1220 3043 1348 3092 asenna

377 3111 469 3167 Ἄλλοι
480 3116 509 3168 δέ
518 3114 561 3169 εἶσι
573 3119 689 3188 πλείονι]
721 3121 841 3178 'streonae
858 3121 953 3176 dietam
970 3123 1106 3177 aeclesiam
1124 3122 1240 3178 nondidit
1249 3121 1406 3188 Alexander,
1423 3123 1462 3176 sni

224 3243 229 3255 .
279 3240 284 3254 .
311 3200 435 3254 snoosssit
445 3200 613 3268 Athanasius,
628 3211 659 3260 ut
669 3207 743 3277 Apoi.
755 3209 840 3278 prima
849 3213 959 3262 testatur
970 3209 1034 3279 ipse.
1068 3208 1102 3261 At
1116 3212 1218 3278 praeter
1232 3208 1312 3273 istas,
1329 3223 1396 3280 quas
1407 3207 1462 3279 upr-

310 3285 421 3358 phanius
433 3292 561 3352 recenset,
572 3289 623 3342 ah'a
634 3291 707 3358 initi
720 3292 857 3364 καλουμένη
870 3294 966 3365 κυρίου,
979 3297 1084 3357 domim,
1095 3309 1143 3364 pro
1156 3309 1207 3363 quo
1218 3293 1327 3348 Latinus
1339 3293 1462 3364 haspra

314 3371 418 3433 Quirini
428 3371 548 3438 reddidit,
561 3376 636 3444 quasi
647 3385 714 3431 esset
725 3377 833 3448 Κυρίνου.
868 3379 953 3432 Locus
964 3385 1005 3432 est
1015 3380 1043 3434 in
1053 3379 1135 3450 lapiso
1146 3379 1179 3432 ad
1189 3377 1327 3433 Solitarios
1337 3393 1399 3450 pag.
1409 3377 1462 3432 632.

378 3453 503 3517 Ἕκαστος
515 3457 541 3509 δὲ
553 3459 646 3511 τούτων
658 3461 752 3530 δῆλον]
781 3464 843 3534 Leg.
855 3465 922 3536 iogte
934 3464 1009 3530 δῆλον
1021 3462 1065 3517 ὅτι.
1088 3464 1167 3518 Porro
1179 3465 1206 3517 iu
1217 3464 1330 3534 singolis
1341 3464 1375 3518 iis
1387 3463 1463 3518 souis·

312 3540 358 3594 siis
371 3541 479 3611 quilibet
489 3544 622 3613 presbyter
633 3546 744 3615 priuatas
757 3566 870 3619 synaxes
881 3551 983 3620 agebat
1001 3550 1052 3604 Sed
1065 3565 1124 3604 eum
1134 3548 1269 3603 Athanasii
1280 3565 1361 3621 opera
1371 3563 1463 3620 mgna

311 3626 394 3680 indies
406 3626 439 3679 ad
451 3628 585 3682 aeclesiam
599 3632 806 3700 sacerdotates,
819 3635 928 3690 anchora
939 3636 985 3689 illa
994 3637 1092 3706 templa
1103 3649 1160 3688 assa
1171 3641 1323 3705 oosperunt,
1335 3633 1401 3690 sdan
1412 3635 1463 3705 qui·

312 3712 371 3766 deun
382 3711 449 3766 utin
461 3715 618 3782 synaxibus.
635 3731 701 3786 quae
713 3721 923 3791 quadragesimae
934 3727 1049 3791 tempora
1060 3721 1169 3784 flabant,
1184 3719 1300 3792 pleriqua
1313 3721 1341 3774 in
1353 3721 1465 3775 aesna

218 3811 222 3821 ·
311 3798 386 3852 turba
397 3799 583 3869 propemodum
595 3800 652 3854 alisi
664 3817 694 3854 ao
706 3806 844 3873 praefocati
854 3806 961 3860 tuerint=
979 3804 1003 3858 ie
1019 3809 1071 3866 ταῖς
1088 3803 1198 3867 συνάξισι
1209 3808 1251 3872 τῆς
1263 3808 1463 3876 τιοααριοισοιῆς,

312 3885 358 3938 ahi
369 3883 494 3954 interpres
506 3884 575 3937 atiud
588 3901 668 3956 agens
681 3888 839 3942 Pentecosten
851 3891 934 3945 vertit.
963 3891 1023 3947 lieo
1035 3892 1061 3944 in
1073 3889 1191 3962 pasthntt
1200 3891 1349 3946 osiehritats
1360 3891 1464 3962 pertinit

312 3969 436 4040 populus,
449 3975 478 4022 ut
489 3970 516 4023 in
528 3971 619 4024 ιιιιίοιί
630 3972 675 4025 illa
686 3975 807 4038 ecelesia,
824 3993 901 4045 quam
913 3975 1065 4030 Caesaream
1078 3976 1218 4042 roahant,
1235 3977 1339 4030 maisi
1352 3976 1464 4030 senaa

312 4055 428 4108 numum
440 4061 522 4122 asset,
540 4058 647 4126 synaxis
664 4057 748 4122 fieret,
765 4059 797 4112 ad
809 4077 916 4132 namquo
927 4077 960 4114 ex
973 4061 1093 4116 omnihus
1105 4061 1220 4116 edolssiis
1231 4061 1320 4116 fidsles
1331 4063 1462 4116 eoaouxrt·

312 4145 377 4194 rant.
400 4139 493 4194 Narrat
502 4141 529 4196 id
539 4140 697 4196 Athanasius
710 4143 782 4214 Apol.
793 4163 810 4196 1.
926 4149 933 4170 ⁵

380 4221 467 4278 Ἄλλοι
479 4223 505 4280 δὲ
516 4225 660 4297 [spnden]
683 4227 731 4290 Qui
743 4229 776 4281 ab
788 4230 933 4284 Alexandro
946 4231 979 4285 ob
991 4233 1114 4286 Asinum
1126 4231 1372 4302 perfidiamsieatns
1383 4233 1416 4287 ab
1426 4247 1462 4286 so

313 4309 392 4362 oleata
408 4309 560 4382 adrogorio
576 4313 603 4365 in
616 4311 750 4366 Athanasii
765 4315 851 4368 losum
867 4315 965 4370 intruso
975 4317 1015 4370 vad
1032 4317 1127 4372 Iulium
1143 4333 1237 4387 papam
1255 4319 1352 4372 uthans
1369 4325 1421 4382 est,
1437 4325 1464 4370 ut

313 4395 422 4464 ipsemet
431 4397 511 4450 Iulius
522 4397 549 4450 iu
561 4397 671 4468 epistola
681 4401 798 4463 testatur,
810 4399 887 4470 quarn
900 4401 925 4454 iu
937 4403 1015 4472 Apuli
1021 4419 1049 4457 ιι.
1062 4403 1198 4473 desoripeit
1209 4401 1375 4458 Athanasius.

381 4477 426 4530 tini
436 4479 483 4550 γὰρ
493 4477 506 4532 h
516 4481 656 4542 Κόλλουθος
666 4480 735 4552 τινα]
764 4483 884 4537 Meminit
899 4484 974 4540 halus
986 4487 1095 4557 οριιιολιι
1106 4487 1239 4556 synodaiis
1251 4487 1284 4541 ab
1293 4489 1463 4544 Aisxandsiuo

314 4563 421 4618 ennodio
434 4565 464 4618 in
479 4578 573 4620 uanasa
587 4563 722 4622 Athanasii
738 4570 832 4640 scripta
848 4569 1041 4640 apud-eundem
1053 4564 1176 4628 sumen
1192 4573 1266 4644 Apol.
1277 4589 1305 4630 u.
1339 4574 1389 4628 isio
1406 4586 1464 4628 ena
