3138 5044
1235 317 1289 374 CLI

126 469 163 524 ab
173 467 272 540 epocha
282 470 435 524 neomeniae
446 469 603 528 recederent.
627 469 741 536 Quarum
751 471 856 542 quidem
873 471 1069 526 neomeniarum
1080 471 1250 544 npoiprrocn
1262 477 1289 526 et

127 552 259 626 ρπᾶβιιιν
276 552 308 617 alr
324 554 355 608 ric
370 555 544 627 upquodpraa
560 557 588 612 in
605 557 696 614 emam
713 556 902 627 diagrammate
917 563 992 628 polea
1008 557 1111 612 intueri.
1144 557 1211 612 Nam
1228 564 1289 629 poet

126 640 272 710 quemlibet
282 641 571 698 memdecaiteridem
589 661 605 696 r
617 643 707 698 dlebne
719 648 746 696 ot
756 641 827 697 haria
838 641 855 696 8
866 643 1003 698 neomenia
1014 641 1094 696 Niean
1105 643 1215 713 primam
1227 660 1287 714 epo·

125 723 204 779 cham
216 727 359 780 antevertit
383 726 418 780 Ut
428 728 452 780 ai
462 729 546 798 primo
559 745 626 782 anno
638 729 705 797 cycli
715 728 854 782 neomenia
865 726 945 781 Niaan
958 727 1018 798 Apr.
1028 746 1063 782 vr.
1077 729 1214 799 contigerit
1224 728 1288 782 hore

124 811 218 866 merid
229 813 329 870 exacue
345 829 391 866 ιιι
402 813 478 868 annia
496 813 529 866 ed
539 813 597 868 Kal.
606 815 667 885 Apr.
683 813 851 886 regredietur,
869 820 895 867 et
910 814 938 868 in
949 811 1040 868 horam
1052 831 1086 868 ιν.
1099 819 1159 886 poet
1174 814 1287 869 mediam

124 903 230 950 uocum
241 895 337 951 incidet
347 897 375 951 in
383 898 413 951 A.
423 897 454 952 D.
464 897 597 970 Kalhpr,
610 903 688 969 atque
699 899 736 953 ita
747 898 868 969 deinceps
880 901 1018 952 neomenia
1029 897 1133 952 Iudaica
1145 901 1178 953 eb
1190 897 1289 971 epoche

124 983 205 1054 primi
215 983 440 1038 ambercourt
452 983 555 1054 longine
567 985 702 1050 ebacedetq
719 985 801 1038 donec
813 985 932 1042 volvente
946 985 1043 1038 maiore
1056 985 1141 1054 cyclo,
1159 1001 1218 1040 cnm
1234 987 1288 1040 iam

124 1085 204 1124 xxm
213 1067 305 1124 diebu·
316 1074 445 1124 retroacte
455 1069 544 1134 luent,
560 1071 754 1126 intercalatione
770 1070 841 1141 pleni
857 1071 955 1126 mencio
971 1070 1004 1124 ad
1016 1071 1150 1141 priatinam
1162 1070 1287 1143 epocham

123 1153 648 1228 meutablduoduntaxatenticipabit.
1254 1199 1257 1207 .

195 1239 298 1312 Bpoeha
312 1241 466 1296 neomeniae
482 1239 564 1296 Nicen
580 1241 608 1296 iu
625 1241 698 1312 cyclo
715 1239 897 1298 Niceronem.
910 1241 1057 1312 eetAprilia
1069 1260 1119 1306 vn,
1136 1242 1209 1312 cyclo
1225 1259 1287 1298 vero

122 1341 186 1380 xm.
199 1331 239 1379 eet
248 1327 335 1380 hiartii
347 1343 407 1391 xm,
423 1342 454 1380 eo
469 1325 539 1398 quod
551 1325 648 1382 Ghriati
659 1326 764 1381 eaeculo
776 1327 849 1396 cyclo
862 1327 1070 1382 macomeria
1086 1328 1113 1380 in
1130 1327 1204 1386 illum
1219 1327 1288 1384 diem

121 1411 285 1474 incumbet,
297 1427 314 1466 a
326 1427 377 1482 quo
388 1411 439 1466 aab
450 1410 559 1468 liieeeni
567 1411 675 1468 Concilil
686 1417 790 1484 lempna
801 1412 835 1466 ad
846 1431 882 1468 rr.
893 1413 1003 1466 tramiit
1026 1411 1078 1468 Sed
1089 1413 1117 1466 in
1128 1412 1232 1466 ludaico
1244 1431 1287 1483 cy·

122 1497 169 1550 clo
179 1497 263 1568 prima
273 1497 470 1552 tenaradocait
482 1498 647 1552 neomeniam
659 1497 765 1552 exhibet
775 1497 803 1552 in
815 1515 875 1562 arn,
890 1497 1005 1552 emunda
1018 1499 1047 1552 in
1058 1515 1107 1563 ιι,
1125 1504 1151 1552 ct
1165 1499 1203 1552 ite
1217 1499 1287 1552 dein·

121 1595 189 1652 cepe
200 1597 282 1652 neque
294 1582 327 1635 ed
340 1599 387 1648 ιι.,
403 1589 430 1636 et
445 1589 550 1656 propter
560 1583 716 1640 incidentem
728 1583 877 1638 biecxtllem
889 1582 958 1636 diem
969 1583 1003 1636 ad
1015 1601 1070 1638 νιιι.
1081 1583 1160 1638 etiem
1170 1585 1286 1640 recurrit.

120 1667 203 1720 Anno
214 1666 319 1736 quidem
330 1667 430 1722 Iuliano
443 1684 531 1724 urxvr.
544 1669 626 1724 Nicen
636 1669 725 1724 Martii
737 1685 772 1724 rx.
785 1667 851 1722 teria
859 1686 894 1722 rr.
906 1668 1091 1732 conveniebam
1103 1667 1173 1738 quod
1184 1669 1216 1722 ed
1228 1669 1287 1740 lipi-

119 1750 216 1823 phauii
230 1753 386 1808 munuae
402 1759 536 1826 totamque
552 1755 624 1808 illam
641 1753 672 1808 de
688 1753 818 1824 paeaiouir
835 1769 903 1808 anno
919 1769 949 1806 ac
961 1752 1002 1806 die
1015 1753 1193 1824 quaeetionem
1204 1755 1287 1824 expli·

120 1836 237 1892 madum
247 1839 465 1908 opportunieaime
477 1839 576 1894 cecidit
611 1839 679 1902 Quin
695 1845 722 1892 et
737 1839 848 1892 altarum
863 1839 980 1892 laterculi
990 1854 1020 1892 ac
1032 1837 1129 1892 Iudaici
1139 1838 1209 1892 illiue
1221 1840 1287 1908 cycli

118 1922 238 1978 aarum
250 1929 328 1994 atque
339 1941 417 1978 mum
428 1925 518 1996 puncta
530 1924 653 1994 aperiam.
671 1923 742 1978 Scito
750 1925 831 1994 igitur
839 1925 1000 1994 probabilem
1009 1940 1043 1978 ex
1052 1941 1082 1977 eo
1092 1939 1212 1978 causeam
1221 1925 1287 1990 elici,

119 2008 334 2064 curludaeorum
343 2009 424 2064 Nicen
436 2010 469 2064 ab
481 2007 582 2080 epocha
589 2010 681 2074 veteri,
692 2007 742 2064 hoc
751 2015 790 2064 aet
799 2010 976 2080 acquinoctio,
986 2009 1127 2079 itidemque
1135 2008 1286 2064 Latinorum

119 2095 224 2166 primae
240 2094 339 2148 meneia
356 2094 521 2149 aberraverit
556 2094 631 2160 Quod
648 2095 718 2150 enim
734 2113 788 2148 arr.
800 2095 882 2150 Nicen
899 2095 925 2149 in
943 2095 1100 2164 aequinoctii
1115 2094 1183 2148 diem
1200 2094 1287 2164 ipsum

119 2179 189 2234 olim
200 2179 330 2244 moiderit,
340 2179 436 2234 docent
443 2181 614 2236 retortiaaim1
622 2180 777 2236 Iudaeorum
788 2181 921 2250 magistri,
931 2181 1059 2251 imprimie
1068 2179 1227 2250 Agetbobuli
1236 2180 1286 2236 duo

119 2272 151 2320 et
160 2265 322 2320 Arlrtobulaa
331 2264 425 2320 borum
434 2265 589 2336 diecipulne,
601 2267 647 2336 qui
658 2283 726 2320 noue
737 2283 751 2319 e
763 2283 816 2320 axx
827 2265 974 2320 senioribus
984 2265 1046 2332 luit,
1059 2265 1127 2336 apud
1137 2266 1287 2320 Anatolium

116 2352 152 2404 ira
165 2349 325 2421 mutante,
341 2351 410 2421 quud
426 2349 522 2406 Eaeeb.
536 2353 598 2404 citat
608 2352 654 2406 lib.
664 2369 709 2408 ιιι.
720 2351 786 2406 litae
797 2367 854 2422 cap.
865 2369 947 2406 xxm.
972 2351 1100 2406 morunt
1112 2351 1181 2404 onim
1193 2349 1223 2403 τὰ
1234 2351 1286 2404 διι-

116 2435 229 2507 βατ4ριι
240 2435 303 2488 brien
315 2438 363 2490 δεῖν
376 2433 429 2508 prr’
441 2435 565 2508 lqurpiar
577 2434 672 2507 1ιιρινὴν
684 2440 815 2507 μισοῦντος
827 2439 872 2490 τοῦ
884 2435 983 2507 πρώτου
996 2437 1078 2507 μηνός.
1110 2436 1181 2490 Idem
1193 2443 1219 2490 et
1229 2437 1287 2492 llu-

115 2536 202 2576 eecra
212 2527 287 2576 ratur
298 2521 453 2578 ludaeorum
464 2523 574 2594 ecrlptor
585 2522 680 2577 docuit
715 2522 767 2576 Sed
777 2529 804 2576 et
814 2521 888 2576 Philo
899 2522 945 2577 lib.
959 2521 991 2576 de
1002 2521 1062 2576 Vite
1073 2523 1167 2576 Morio:
1184 2521 1227 2588 cle
1244 2518 1287 2592 ἂρ-

116 2605 174 2678 lh*
185 2609 227 2674 τῆς
238 2605 331 2679 ἰαρινῆς
343 2605 466 2679 ἰσημερίας
477 2611 576 2678 πρῶτον
588 2606 721 2679 ἀναγράφει
733 2610 797 2679 μῆνα
808 2607 923 2674 Macer.
942 2607 1120 2677 Adeupniatur
1129 2613 1155 2660 at
1162 2605 1287 2677 Iosephur

115 2693 172 2746 lib.
183 2709 221 2746 ur.
234 2691 305 2762 Orlg.
317 2707 373 2762 cap.
383 2711 408 2748 r.
422 2696 459 2763 τῷ
471 2691 498 2746 δ1
510 2693 567 2764 μηνὶ
577 2698 616 2764 τῷ
625 2693 753 2764 Ξανθικῷ,
764 2691 792 2754 ὃς
804 2693 906 2746 Neroni
918 2689 977 2762 παρ’
988 2691 1047 2762 ἡμῖν
1059 2691 1180 2759 καλεῖται,
1193 2691 1233 2742 acl
1242 2695 1286 2744 τοῦ

116 2775 194 2838 &aar
210 2775 274 2830 lario
290 2775 369 2848 ἀρχὴ,
389 2777 633 2848 τισσιριςιαιδιιάιη
650 2775 714 2830 arrh
730 2777 832 2844 eridane
850 2774 874 2830 ie
891 2777 958 2847 Κρνῷ
976 2781 1019 2828 τοῦ
1036 2774 1107 2842 hilca
1125 2775 1284 2838 καθεστῶτος.

115 2863 207 2934 Igitur
218 2861 371 2918 ludaeorum
385 2881 439 2920 arv.
451 2863 534 2918 Nicen
544 2865 572 2918 ln
584 2863 779 2934 aequinoctium
789 2862 938 2916 incurrebat
952 2862 1043 2932 priaoie
1059 2861 1111 2916 illie
1126 2861 1286 2932 temporibne

116 2955 148 3002 et
162 2965 196 3002 er
206 2948 291 3004 bieria
302 2949 428 3004 lartitutc.
451 2950 485 3004 Ac
494 2955 587 3020 portae
597 2949 771 3020 praescriptos
782 2948 877 3002 uniter
889 2947 1082 3017 tranegredicne
1093 2947 1285 3017 aequinoctium

116 3033 217 3088 diebaa
227 3034 327 3104 aliquot
338 3035 486 3090 anteceaait.
504 3033 643 3088 Tertentur
654 3032 704 3088 boc
714 3033 892 3088 vetustieeima
900 3031 1105 3088 (ibrietianorum
1116 3033 1284 3100 monimenta,

116 3135 190 3192 quae
199 3119 352 3174 ludaeorum
361 3119 459 3191 pacche
468 3119 660 3190 aequinoctium
669 3123 844 3190 praevertere,
856 3125 882 3172 et
891 3119 921 3174 in
931 3137 977 3174 au.
988 3135 1077 3172 menae
1089 3118 1213 3172 celebrari
1221 3137 1285 3173 non·

115 3221 260 3275 nunquam
271 3204 419 3261 admoram
447 3204 551 3262 Oenone
560 3223 595 3261 ιι.
604 3205 693 3276 Apoat
702 3205 747 3258 lib.
758 3223 775 3258 ι.
787 3203 818 3258 lu
826 3221 860 3265 τις
872 3201 1003 3264 lateranen
1014 3205 1029 3270 ἢ
1040 3203 1223 3274 πρεσβύιιροςῆ
1234 3202 1285 3258 διά-

117 3307 195 3351 aanor
206 3289 251 3358 τὴν
263 3288 335 3361 ἁγίαν
346 3295 390 3344 τοῦ
402 3288 489 3362 πᾰοχνι
499 3289 592 3362 ἡμέραν
601 3290 649 3361 repb
659 3293 701 3356 τῆς
711 3288 804 3360 ἐαρινῆς
812 3287 936 3360 1οηριρ1ας
947 3286 1284 3360 μιτ1ι’1νυδιι1ων1πιτιλ1ιῃ,

117 3373 291 3446 ιιιθιιιριίσθω.
327 3375 411 3440 Quem
425 3374 459 3430 ed
475 3376 562 3430 locum
577 3381 690 3446 nugatur
706 3375 860 3439 baleamon,
881 3391 941 3428 cum
956 3381 1036 3444 negat
1050 3372 1144 3446 1ιιρινὴν
1161 3373 1284 3447 ἰσημρίιιν

117 3467 192 3516 certo
209 3461 251 3516 dia
269 3461 406 3526 committi,
428 3457 485 3514 ἀλλ’
503 3459 544 3514 ὅτι
560 3461 623 3532 τύχῃ
641 3478 674 3515 er
691 3462 754 3516 aelia
773 3461 901 3530 lunaeque
919 3461 1136 3526 revolutionibna,
1156 3461 1226 3532 quod
1245 3467 1286 3516 eat

116 3548 227 3620 puerile.
262 3547 303 3601 td
317 3545 383 3601 haec
395 3545 582 3602 contantinus
597 3547 625 3600 in
640 3546 770 3617 Epistola,
788 3561 867 3616 quem
883 3545 916 3600 ed
926 3545 1056 3602 Ecdeaiae
1072 3553 1133 3618 poet
1143 3547 1285 3602 Niceenum

118 3633 265 3688 condlium
280 3632 397 3704 ecrlpeit,
412 3631 481 3702 apud
491 3631 587 3688 umen.
598 3632 643 3686 lib.
652 3649 691 3686 ιιι.
704 3632 735 3686 de
747 3632 808 3686 Vita
819 3631 907 3686 Gonet
919 3631 1029 3687 ludaeos
1045 3633 1137 3688 eodem
1154 3649 1222 3688 enno
1240 3633 1284 3686 du·

118 3719 182 3790 pler
199 3716 300 3790 peecba
316 3717 454 3774 celebrere.
488 3715 563 3782 Quod
580 3716 700 3770 videlicet
715 3717 789 3787 cyclo
801 3735 856 3772 nr.
873 3723 967 3774 etvrrr.
981 3717 1102 3772 Niceenie
1120 3723 1180 3772 ente
1197 3718 1284 3787 aequi·

119 3805 240 3858 noctium
252 3801 351 3875 percha
361 3803 465 3858 illorum
476 3803 608 3858 incideret.
642 3801 717 3867 Quod
733 3809 759 3856 et
770 3803 815 3856 alii
826 3802 941 3874 plerique
952 3808 1007 3856 tam
1019 3802 1193 3856 occidentalea
1205 3817 1285 3872 quam

119 3889 262 3944 mienialea
273 3889 368 3944 imitati
379 3889 496 3942 citimam
507 3889 672 3944 neomeniam
686 3887 774 3942 Martii
785 3905 809 3940 u.
821 3887 949 3952 fixerunt,
965 3903 1018 3942 arv.
1030 3905 1091 3942 roro
1102 3889 1190 3944 Martii
1202 3905 1284 3953 arur,

119 3979 152 4027 ut
161 3981 256 4046 poetae
266 3973 380 4052 dicetur.a
402 3973 530 4044 Equidem
540 3973 641 4028 ludaeia
652 3989 706 4028 uon
717 3973 828 4026 arbitror
837 3977 909 4026 eerto
920 3973 1027 4026 eoneffio
1040 3973 1196 4042 aequinoctii
1207 3973 1283 4040 den,

119 4075 201 4130 quem
212 4075 246 4114 ex
261 4059 444 4114 amonomicie
460 4059 556 4114 tabuile
573 4059 730 4130 inveetigare
747 4063 867 4128 poeaent,
883 4063 937 4112 tam
953 4057 1090 4128 insigniter
1106 4059 1282 4126 antevortieee,

118 4145 168 4198 aed
177 4144 386 4216 imprudentibne
397 4161 432 4198 ox
444 4145 557 4216 corrupti
568 4143 678 4198 aliculue
687 4143 755 4213 cycli
762 4141 884 4198 methodo
893 4143 1020 4214 paulatim
1028 4143 1120 4198 ιίὶίιιινι
1131 4143 1200 4196 iatnd
1212 4145 1283 4200 obla·

116 4237 186 4285 anna
214 4229 367 4285 Guiummdi
378 4227 515 4284 methodus
525 4230 553 4282 in
564 4229 696 4300 superiore
708 4229 833 4282 lamrculo
843 4229 907 4284 ertia
919 4234 1033 4300 apparet
1060 4227 1127 4282 Nem
1139 4231 1238 4285 exacue
1249 4229 1283 4285 84

116 4317 198 4370 nate
206 4315 346 4370 neomenia
352 4315 447 4381 liban,
459 4330 527 4386 quae
538 4315 571 4368 ab
580 4315 676 4386 Aprilis
685 4333 720 4370 rr.
729 4321 860 4386 coeperat,
871 4316 899 4370 in
907 4314 1028 4370 Mertiiv.
1038 4313 1170 4384 reperitur.
1187 4314 1282 4380 Quam·

117 4400 212 4454 obrem
227 4399 344 4454 accidere
359 4401 423 4454 illud
440 4400 536 4473 potuit,
553 4405 583 4454 ut
599 4416 660 4454 cum
676 4405 737 4472 poet
753 4417 835 4454 annea
853 4401 952 4472 aliquot
968 4399 1106 4454 neomenia
1116 4399 1197 4456 Nicen
1214 4403 1246 4456 ad
1257 4419 1280 4456 ι.

115 4484 211 4540 Martii
221 4483 580 4558 redactaloretdepreheuee,
596 4485 662 4556 cycli
679 4487 737 4542 labe
753 4487 870 4540 animum
882 4485 914 4540 ed
926 4485 1132 4540 emendationem
1145 4487 1282 4542 adiecmint

116 4570 211 4626 etalio
223 4573 290 4644 cycli
301 4587 397 4645 genere
409 4571 550 4628 eonadtnto
559 4569 636 4628 buiue
647 4572 751 4629 mitium
762 4572 790 4628 in
801 4571 892 4628 eodem
903 4572 947 4628 illo
960 4587 1029 4630 auno
1037 4571 1155 4640 fixermt,
1167 4573 1212 4644 qui
1223 4589 1281 4627 cnm
