3138 5044
304 313 436 370 ccxxiv

302 471 348 524 ills
355 469 468 524 Wildidi
478 469 619 541 disputatio
630 469 749 541 perones.
767 467 833 524 llam
845 467 930 524 Boetia
942 469 1097 540 exprobrat,
1107 468 1178 541 quod
1190 485 1250 524 oum
1261 470 1291 524 in
1303 485 1358 526 arr.
1370 465 1470 541 paacba

303 557 475 621 celebrarent,
491 571 545 610 uon
560 571 618 608 eam
635 561 724 610 umen
740 573 793 611 ιιι.
805 553 934 625 paschalis
946 556 1074 610 rationem
1085 555 1221 620 baberent,
1237 571 1318 626 quam
1329 555 1469 609 dnatoiiua

301 642 509 712 praescripserat.
532 641 580 694 Hic
592 641 661 694 enim
673 657 726 694 ιιι.
738 642 810 694 illam
821 639 969 712 paschalem
980 641 1110 696 duntaxat
1120 657 1179 694 esse
1189 641 1320 707 voluerat,
1338 655 1423 712 quam
1438 639 1469 693 ad
1559 690 1560 712 ,

300 741 435 798 vesperam
447 726 619 798 plenilunium
632 727 774 797 exciperet,
792 727 841 780 hoc
858 733 897 780 set
912 733 972 780 ante
983 727 1047 780 solis
1062 741 1197 791 occasum3
1215 727 1314 797 alioqui
1324 743 1400 790 urin,
1417 741 1469 778 non
1559 725 1560 742 .

302 829 354 866 arr.
366 812 500 866 diceretur.
536 813 569 864 tt
585 811 659 866 Scoti
675 813 746 866 nulio
758 813 905 866 istiusmodi
917 813 1028 878 delectu,
1045 829 1099 866 arv.
1110 813 1182 866 illam
1193 811 1311 883 paschali
1321 811 1470 864 celebritati

201 912 221 951 n
231 901 275 942 ¹⁹&
301 898 502 962 consecrabant,
519 913 586 968 quae
602 898 629 950 in
646 914 706 950 eum
722 898 792 952 diam
807 897 943 962 incideret,
959 904 1018 969 post
1029 899 1103 951 cuius
1115 903 1200 952 ortum
1212 897 1392 968 sumsquonrs
1404 895 1470 950 dun·

301 989 376 1036 taxat
386 989 463 1037 nocte
473 983 647 1054 plenilunium
658 985 867 1050 committeretur,
884 990 1071 1055 proptereaque
1088 1001 1141 1038 nou
1153 1001 1196 1039 xv.
1209 983 1285 1048 luna,
1296 982 1343 1036 sed
1354 999 1412 1036 arv.
1424 997 1469 1036 ro·

302 1075 409 1134 caretur,
421 1085 453 1121 ea
463 1083 538 1134 vero,
551 1085 603 1139 qua
614 1067 712 1138 pascha
723 1075 855 1138 peractum
867 1069 962 1133 iuerat,
974 1087 1032 1124 rur.
1066 1070 1137 1122 liaeo
1149 1075 1190 1122 est
1201 1069 1307 1124 omnino
1318 1067 1469 1122 difficillimi

300 1154 370 1208 illias
382 1155 434 1207 loci
444 1155 586 1219 senmntia3
598 1154 740 1208 secundum
752 1171 830 1224 quarn
841 1155 975 1209 Anatolius
985 1153 1279 1224 Τισσαριςιαιδιιιατιτῶν
1287 1154 1370 1208 errori
1380 1159 1469 1224 patro·

301 1239 411 1308 ιίιιιιιιι,
423 1239 485 1292 dum
496 1237 559 1292 iliud
571 1240 701 1304 statuitur,
717 1239 866 1310 paschalem
883 1257 915 1294 er
933 1241 988 1294 eiua
1005 1241 1123 1296 instituto
1134 1257 1189 1295 arr.
1201 1241 1275 1294 iilam
1285 1255 1344 1294 ease
1357 1253 1427 1309 quas
1439 1239 1467 1292 in

301 1323 473 1394 plenilunium
484 1324 587 1378 desinit.
621 1323 693 1389 Quae
708 1342 776 1379 nora
794 1331 834 1379 est
844 1327 952 1380 istorum
970 1324 1138 1380 hallucinatio
1155 1330 1181 1378 at
1197 1326 1225 1378 in
1237 1325 1389 1380 Anatolium
1404 1339 1468 1378 ccu-
1560 1381 1561 1402 ρ

300 1409 368 1462 lecta
378 1410 518 1466 calumnia.
542 1409 623 1464 Cuius
636 1411 799 1464 occasionem
815 1411 875 1464 inde
888 1412 1003 1466 oblatam
1014 1412 1140 1482 auspicor,
1157 1410 1227 1482 quod
1238 1427 1299 1464 com
1310 1427 1345 1464 er
1358 1409 1468 1463 ludaeo-
1560 1403 1561 1450 ἶ

300 1511 359 1548 rum
374 1495 507 1565 magistris
523 1497 573 1546 τῶν
589 1493 763 1566 διαβατηρίων,
780 1496 830 1550 hoc
848 1505 887 1550 est
903 1498 984 1568 typici
1000 1495 1132 1568 paschatis
1149 1511 1277 1550 canonem
1291 1496 1368 1550 illum
1385 1495 1420 1548 ad
1434 1495 1467 1548 li·

300 1579 460 1636 lcetrandam
470 1579 609 1634 Christiani
617 1581 759 1636 doctrinam
769 1581 900 1652 paschatis
910 1584 1052 1648 attulisset,
1064 1599 1116 1653 quo
1124 1582 1288 1654 praecipitur,
1300 1587 1330 1634 ut
1338 1597 1394 1636 arr.
1403 1581 1467 1634 luna

300 1665 333 1718 ad
341 1681 477 1737 vesperam
488 1665 587 1737 pascha
599 1667 749 1733 celebretur,
760 1669 809 1722 sub
821 1669 907 1738 ipacm
919 1669 1091 1739 oppositionis
1101 1683 1130 1721 ac
1140 1667 1276 1740 plenilunii
1286 1671 1405 1737 tempus,
1417 1664 1467 1720 tos

299 1752 338 1805 illi
353 1752 387 1806 ad
398 1751 574 1806 ctrtsmnon
590 1751 687 1823 pascha
703 1755 902 1818 transtulerunt,
918 1755 969 1807 rati
984 1771 1017 1808 ax
1029 1753 1144 1808 Anatolii
1160 1753 1263 1807 decreto
1274 1769 1329 1806 ιιι.
1342 1752 1385 1805 dis
1399 1751 1467 1804 cele-

299 1837 369 1891 brari
379 1855 470 1909 posse,
482 1838 624 1909 etquidem
635 1839 762 1893 maturius
774 1855 854 1909 qnam
863 1839 964 1894 ludaeis
974 1841 1065 1906 liceat,
1077 1841 1147 1912 quod
1156 1845 1196 1892 est
1204 1837 1349 1893 inauditnm
1363 1843 1391 1890 et
1397 1837 1467 1892 dna-

298 1923 362 1978 tolio
373 1939 480 1995 prorsus
491 1924 637 1994 indignum.

491 2077 663 2132 PERCITUR
679 2077 714 2134 ΙΝ
731 2079 956 2134 EXPLICANDIS
974 2079 1134 2136 anetem
1147 2077 1278 2134 veneta

368 2179 420 2234 Sed
430 2179 494 2234 illud
506 2181 533 2234 in
546 2182 660 2236 Anatolii
670 2183 727 2236 loco
738 2183 783 2237 illo
795 2183 928 2238 difficilius
940 2186 993 2250 cat,
1009 2184 1079 2254 quod
1091 2182 1162 2236 addit
1173 2181 1214 2236 dia
1225 2181 1314 2236 Martii
1324 2197 1371 2234 xx.
1381 2181 1464 2234 adam

299 2279 353 2318 non
368 2269 470 2318 mutum
486 2273 652 2338 segmentum
669 2267 766 2322 zodiaci
781 2270 894 2340 primum
911 2271 1060 2340 ingressum
1077 2285 1146 2323 ease:
1164 2265 1221 2320 ἀλλ’
1232 2265 1280 2334 ἤδη
1295 2266 1337 2318 sel
1347 2263 1464 2337 τιτᾶριην

299 2348 391 2420 ἡμέραν
403 2348 427 2402 ie
439 2351 509 2422 αὐτῷ
521 2353 712 2424 διαπορεύεσθαι.
735 2353 870 2408 lluffinuat
886 2359 913 2408 in
925 2373 975 2424 quo
988 2357 1030 2408 die
1040 2357 1080 2407 sci
1089 2359 1245 2407 s'nrens'retcr
1256 2371 1305 2406 aon
1315 2353 1393 2406 mian
1405 2369 1465 2404 oon-

299 2438 427 2490 aeends‘sse
433 2441 546 2508 primam
553 2449 668 2510 partem,
684 2457 769 2492 ererum
781 2445 857 2493 etiarn
869 2450 988 2510 quartam
999 2443 1052 2492 ion
1063 2443 1091 2492 s'n
1109 2459 1136 2493 eo
1153 2441 1195 2492 da'e
1210 2438 1318 2492 baberet
1334 2437 1362 2491 id
1379 2443 1421 2491 eat
1436 2437 1464 2490 ln

298 2522 384 2592 prima
395 2539 429 2576 ex
441 2541 479 2576 arr
491 2525 616 2594 partibus.
651 2525 690 2578 lta
705 2525 773 2596 apud
785 2525 885 2580 Bedam
896 2525 1000 2595 legitur,
1012 2530 1043 2578 ut
1053 2531 1080 2578 et
1090 2526 1118 2578 in
1129 2525 1246 2594 vulgaris
1259 2522 1358 2577 numni
1369 2521 1464 2576 codici·

299 2607 356 2664 tus.
392 2608 471 2662 Porro
483 2609 555 2663 Beda
565 2627 612 2681 per
623 2621 751 2682 quartam,
769 2611 837 2677 sire,
854 2617 884 2664 ut
898 2610 1007 2665 subinde
1019 2616 1108 2675 vocat,
1123 2627 1169 2681 per
1180 2612 1318 2680 wettrem,
1333 2608 1465 2662 Iulianum

299 2692 469 2763 quadrantem
480 2696 610 2767 intelligit.
632 2695 698 2750 Nam
710 2713 770 2750 cum
782 2697 822 2750 sol
832 2698 948 2767 primum
959 2697 1053 2750 Arietis
1065 2701 1231 2766 segmentum
1241 2693 1393 2765 ingreditur,
1409 2694 1464 2746 iarn

298 2779 325 2832 ln
337 2795 369 2832 aa
380 2779 421 2833 dis
433 2781 604 2851 quadrantem
615 2781 733 2836 coniecit.
756 2781 809 2836 Sed
820 2781 884 2834 haec
897 2783 1074 2853 interpretatio
1086 2781 1207 2836 iocularia
1219 2785 1267 2834 ast.
1291 2777 1382 2850 Neque
1393 2777 1464 2832 enim
1562 2779 1563 2782 ’

299 2863 398 2919 Graeco
414 2866 466 2936 ipsi
482 2869 611 2922 convenit.
645 2867 741 2922 Scribit
752 2867 888 2921 Anatolics
900 2864 1016 2938 τετάρτην
1027 2865 1120 2939 ἡμέραν
1132 2863 1157 2918 is
1169 2865 1238 2937 αὐτῷ
1251 2865 1462 2936 διαπορευόμενος,

298 2949 348 3004 hoc
365 2955 405 3004 est
421 2963 539 3020 quercum
555 2957 609 3006 tarn
627 2955 705 3016 dnos,-
726 2951 944 3022 quemadmodum
961 2952 1030 3023 apud
1047 2951 1182 3006 Bullinum
1199 2949 1388 3004 restituendam
1403 2965 1462 3002 ease

299 3036 475 3090 emendatiora
485 3037 614 3107 quaedam
625 3038 784 3108 exemplaria
794 3037 959 3108 persuadent.
982 3039 1049 3092 Tum
1063 3037 1128 3091 illud
1142 3034 1166 3088 iv
1179 3036 1247 3107 αὐτῷ
1260 3036 1293 3089 ad
1304 3038 1413 3106 τμήματι
1423 3051 1462 3088 re·

298 3121 386 3186 fertur,
398 3139 452 3175 non
463 3123 496 3174 ad
507 3121 612 3193 liptpcaq
625 3127 654 3176 ut
665 3123 756 3177 Latine
768 3123 965 3194 concipiendum
978 3123 1024 3187 stt,
1036 3127 1256 3192 praetentante
1268 3141 1299 3174 ea
1312 3124 1385 3174 disan
1406 3121 1462 3174 ties

299 3205 379 3276 igitur
390 3211 479 3260 censet
490 3207 638 3273 Anatolius,
655 3209 738 3262 solem
754 3227 791 3263 rr.
800 3208 858 3264 Kal
867 3209 928 3280 Apr.
941 3215 1063 3279 quartum
1079 3209 1133 3262 ism
1149 3208 1177 3260 in
1192 3208 1277 3277 primo
1294 3207 1403 3278 τμήματι
1417 3209 1461 3256 τοῦ

299 3291 514 3363 δωδεκατημορίου
526 3293 594 3346 diem
606 3309 691 3364 agere.
723 3293 797 3358 Quod
808 3295 904 3348 mium
915 3293 979 3348 mihi
990 3294 1099 3348 ridetur.
1130 3293 1198 3348 Nem
1208 3292 1256 3346 bac
1267 3293 1368 3346 atione
1379 3293 1461 3346 aciem

299 3378 459 3430 axisdmarit
474 3379 587 3448 primurn
601 3385 727 3450 punctum
739 3380 833 3433 Arietis
848 3379 951 3450 ingredi
967 3397 1019 3435 ιιι.
1032 3377 1089 3434 Kal.
1101 3379 1163 3450 Aps.
1179 3377 1229 3432 boc
1245 3383 1285 3431 est
1300 3395 1356 3432 rm.
1366 3377 1461 3431 narrt

298 3461 338 3516 lix
351 3479 402 3532 qao
414 3463 477 3516 illud
488 3465 614 3534 auspicari
625 3481 776 3535 possumus,
793 3465 1009 3536 aequinoctialem
1025 3465 1156 3520 cardinem
1167 3481 1221 3518 non
1232 3465 1260 3518 ic
1271 3464 1356 3534 primo
1368 3462 1460 3516 Arietis

298 3553 408 3618 puncto,
420 3549 465 3601 sed
476 3549 504 3601 in
515 3565 550 3604 rr.
562 3549 596 3602 ab
608 3565 638 3603 eo
651 3551 830 3606 constitutum.
849 3549 1073 3614 Quemadmodum
1081 3555 1182 3604 veteres
1192 3550 1255 3603 olim
1266 3550 1295 3602 in
1305 3565 1362 3604 vm.
1374 3548 1460 3619 signo·

297 3649 356 3688 rum
372 3639 446 3704 parte
463 3634 576 3688 solstitia
592 3639 619 3687 ct
634 3636 799 3705 aequinoctia
813 3635 872 3689 fieri
888 3635 1028 3706 putebant;
1045 3641 1076 3688 ut
1090 3641 1201 3690 testatur
1217 3635 1315 3690 Plinius
1331 3635 1377 3688 lib.
1385 3651 1458 3690 xrru.

297 3735 354 3790 cap.
367 3736 442 3784 xxa,
459 3725 485 3774 at
496 3719 639 3774 Columella
650 3721 695 3774 lib.
706 3739 743 3776 rx.
759 3737 815 3792 cap.
828 3739 898 3786 nnn,
915 3737 948 3774 ax
960 3721 1063 3774 Eudoxi
1074 3726 1101 3774 et
1110 3721 1224 3777 ldetcuie
1234 3720 1333 3786 Fastis3
1349 3719 1419 3790 quod
1435 3723 1460 3772 et

297 3805 438 3876 Sosigeme
450 3807 612 3876 persuasisse
624 3805 729 3860 Caesari
740 3807 849 3861 ridetur.
885 3806 953 3860 Nam
970 3807 1046 3860 initis
1055 3807 1186 3860 mensium
1198 3813 1316 3876 quatuor,
1328 3821 1397 3876 quea
1407 3819 1459 3859 car·

297 3891 400 3946 dinibus
416 3891 538 3962 proxima
555 3897 626 3957 sunt,
644 3891 678 3944 ab
690 3909 745 3948 ιιιι.
757 3893 811 3946 fere
828 3899 901 3963 parte
918 3893 1055 3962 signorum
1066 3892 1226 3964 incipiebant
1237 3895 1322 3945 aetate
1334 3891 1459 3945 Caesaris.

296 3977 371 4046 Apud
384 3975 524 4031 Geminum
541 3975 565 4028 ul
575 3977 665 4046 sperat
676 3977 809 4048 χιιμεριναὶ
825 3993 860 4030 ex
877 3977 986 4032 Eudoxo
1004 3983 1095 4048 quarto
1111 3977 1153 4030 die
1170 3977 1339 4048 contingunt,
1357 3991 1392 4030 ex
1409 3991 1458 4048 quo

297 4063 336 4114 sol
348 4061 535 4134 Capricornum
546 4063 681 4132 ingressus
693 4067 740 4116 est.
764 4063 799 4114 At
810 4063 956 4117 secundnm
968 4063 1154 4118 Euctemonam
1165 4063 1249 4134 primo
1260 4063 1318 4133 ipso
1330 4062 1382 4117 dle.
1399 4062 1459 4115 Ver-

297 4161 359 4200 nmn
377 4155 464 4202 autem
482 4148 675 4218 aequinoctium
693 4151 768 4200 sexto
786 4148 820 4200 ab
837 4149 959 4218 ingressu
976 4149 1076 4202 Anatis.
1088 4149 1130 4202 die
1152 4147 1296 4202 secundum
1312 4147 1459 4209 Eudoxum,

212 4277 218 4290 .
265 4278 271 4292 ,
297 4245 356 4284 cum
367 4249 400 4286 er
413 4233 514 4304 Calippi
525 4237 711 4303 parapegmate
722 4232 806 4302 primo
821 4233 878 4304 ipso
895 4235 937 4288 dia
953 4235 1136 4290 committatur.
1171 4233 1264 4287 Utrum
1275 4249 1337 4288 vero
1348 4233 1418 4287 idem
1429 4231 1459 4284 de

299 4331 332 4369 tv.
344 4316 479 4386 signorum
491 4323 563 4388 parte
575 4319 625 4371 sibi
636 4318 794 4389 persuaserit
805 4319 955 4385 Anatoliua,
968 4319 1137 4390 cogitandum
1147 4319 1261 4389 emplius
1272 4325 1320 4372 est.
1338 4317 1406 4372 llam
1415 4317 1459 4372 itta

298 4399 384 4454 Bedae
394 4403 459 4455 ratio
470 4403 542 4456 nullo
554 4403 631 4457 modo
643 4403 785 4474 probabilis
797 4410 848 4470 est,
861 4405 1010 4458 Anatolium
1022 4421 1083 4459 eum
1093 4404 1259 4475 xtssattpr.
1267 4403 1457 4476 aequinoctium

297 4485 367 4556 figit,
383 4485 415 4538 de
425 4488 571 4557 vespertino
583 4488 710 4543 duntaxat
720 4489 805 4558 loqui,
821 4487 871 4542 hoo
886 4496 927 4544 eat
938 4489 970 4544 de
982 4508 1013 4544 eo
1025 4489 1095 4561 quod
1106 4489 1200 4544 accidit
1210 4503 1271 4544 cam
1281 4491 1346 4544 luna
1357 4489 1407 4543 snb
1417 4503 1456 4542 oc·

297 4585 387 4626 mrum
399 4571 449 4626 soii
461 4573 580 4640 opposita
590 4577 639 4638 ast;
657 4579 792 4645 propterea
808 4574 877 4644 quod
892 4591 926 4628 ex
938 4577 1103 4646 antiquorum
1115 4576 1245 4630 ”amotis
1253 4581 1360 4646 patrum
1370 4574 1455 4630 statuit
