3166 5044
270 309 334 366 xiv

339 461 382 525 Ἐξ
394 456 429 517 ὧν
441 461 466 516 αἱ
478 461 573 534 φυλαὶ]
603 463 858 520 boemanorum
873 463 961 535 φυλαῖς
977 469 1004 520 et
1015 463 1149 538 φυλάρχοις
1161 465 1283 538 Iraqueus
1295 464 1364 538 apud
1373 465 1436 522 Pro-

271 549 376 621 copium
388 551 507 622 aliosque
517 551 624 606 mentio.
754 541 757 552 '
895 615 900 628 q

337 634 380 698 Ἐξ
393 629 468 707 οὕπερ
485 635 616 706 πέμπτος.]
644 635 683 690 1)ε
698 635 756 690 Iobi
772 637 852 708 eu'rpe
868 642 896 690 et
910 637 1011 708 origine
1026 653 1080 692 non
1096 636 1188 692 mem
1202 636 1254 691 fuit
1269 638 1436 709 antiquorum

270 723 366 794 opinio.
395 722 447 776 Sed
464 738 544 792 quam
558 721 720 794 Epiphanius
737 724 867 792 seqnitur,
890 739 922 776 aa
941 723 1088 778 eommunia
1108 723 1275 793 maximeque
1295 723 1436 794 probabilis

270 815 322 862 est:
345 809 392 862 Iob
409 809 521 862 eundem
536 825 594 862 esse
612 825 672 862 oum
687 807 781 874 Iobab,
803 809 899 878 dequo
912 807 1168 874 Genes.xxxv1,33.
1198 799 1272 872 Quod
1284 809 1312 862 in
1323 809 1436 864 editione

270 912 323 948 uxx
339 894 373 947 ad
389 896 488 948 calcem
504 894 564 948 iibri
578 893 625 948 Iob
642 894 796 950 adnotatum
812 899 864 948 cat:
889 892 953 946 ὥστε
968 889 1029 946 εἶναι
1043 893 1119 946 αὐτὸν
1132 893 1242 963 πέμπτον
1254 892 1302 946 est
1315 891 1435 966 Ἀβραὰμ,

271 980 377 1034 excluso
389 980 487 1034 soiIIcet
497 981 641 1044 Abmmn,
658 985 688 1033 ut
698 979 860 1050 Epiphanius
871 980 1063 1050 interpretatur.
1092 979 1131 1033 Da
1147 997 1198 1049 quo
1215 979 1273 1034 vide
1289 995 1350 1034 cum
1362 979 1436 1050 alios,

270 1070 327 1118 tum
338 1065 473 1119 balianum
485 1071 617 1131 nostrum,
630 1067 675 1136 qui
687 1065 718 1120 de
729 1066 787 1120 Iobi
798 1064 920 1131 historia,
931 1071 962 1119 ut
973 1070 999 1118 et
1010 1065 1042 1118 de
1054 1065 1175 1131 caeteris,
1184 1065 1316 1122 recolente
1328 1066 1436 1124 meite

288 1167 321 1204 ua
333 1151 384 1204 seri
402 1151 444 1206 sit.

271 1165 289 1222 q
339 1169 401 1288 ‘Euri
409 1235 452 1303 ris
464 1237 655 1308 Μεσοποταμίαν
668 1235 777 1304 casm]
800 1237 991 1308 Mesopotamia
1002 1238 1074 1298 n'ttt
1092 1239 1167 1328 q'tb,
1186 1237 1282 1291 Padusa
1297 1238 1380 1291 Arnas
1392 1253 1437 1308 ap·

270 1322 381 1392 pellatur
393 1321 488 1379 Gener.
501 1341 554 1376 xxv
566 1327 693 1379 sturm.
719 1322 771 1376 Sed
783 1339 849 1392 quae
862 1323 897 1376 sit
906 1322 988 1376 altera
995 1322 1186 1392 Mesopotamia
1195 1322 1309 1389 Susobs,
1321 1323 1438 1378 nondum

270 1408 396 1478 comperi,
414 1425 462 1462 nse
473 1409 527 1462 ulta
538 1409 595 1462 eius
607 1409 721 1462 nominis
734 1409 851 1462 occurrit

337 1492 368 1546 N.
377 1511 414 1548 rx.
434 1493 475 1545 Ἐν
487 1492 657 1564 ἑβδομήκοντα
669 1493 775 1564 ψυχῶν]
806 1493 877 1549 Gerr.
890 1493 989 1564 ψυχαῖς.
1018 1493 1057 1548 De
1068 1507 1179 1548 numero
1189 1493 1316 1548 dhetdent
1326 1494 1437 1550 Hebraei

270 1577 407 1649 Latinique
420 1579 521 1632 codices
532 1595 609 1634 anxx
619 1579 784 1646 Senioribus,
795 1579 938 1634 secuudum
950 1596 1015 1650 quos
1024 1581 1081 1636 het.
1091 1597 1137 1644 rm,
1148 1580 1187 1632 14.
1211 1578 1358 1650 Stephanus
1364 1597 1437 1634 xxxv

270 1664 371 1718 animas
388 1671 536 1720 enumerat:
557 1681 708 1736 quenquam
722 1666 801 1718 iidem
817 1666 856 1719 illi
867 1683 921 1720 axx
936 1664 1039 1719 Denter.
1056 1683 1086 1729 x,
1108 1664 1140 1718 22
1161 1681 1214 1720 non
1231 1666 1319 1736 piures
1335 1667 1437 1720 animas

271 1765 350 1820 quam
362 1751 529 1822 septuaginta
540 1757 691 1822 posuerunt
714 1751 753 1804 De
764 1750 813 1804 hac
826 1750 977 1820 quaestione
989 1750 1046 1804 ride
1054 1751 1159 1804 flieron.
1171 1751 1199 1804 in
1208 1749 1304 1805 Tradit.
1314 1751 1437 1821 ethugu·

270 1836 331 1890 stin.
345 1833 449 1899 Quaest.
463 1853 526 1892 can.
538 1839 567 1890 in
579 1836 674 1890 Ganos.
686 1842 713 1890 ot
724 1855 777 1892 αντ.
792 1837 823 1890 de
835 1836 910 1892 civis.
923 1836 971 1890 Dei
982 1851 1039 1906 esp.
1051 1835 1093 1889 40.

339 1918 382 1972 Ἐν
395 1924 494 1992 χρόνοις
506 1922 654 1989 Μωϋσέως.]
682 1921 765 1974 Prusa
779 1922 952 1992 interpunctio
967 1921 1136 1977 falsissimam
1152 1921 1309 1976 mutantium
1320 1921 1369 1976 hoc
1380 1923 1437 1976 Ιοσο

270 2007 381 2077 peperit:
394 2023 488 2079 nempe
498 2009 589 2078 quinta
600 2011 670 2077 γενεᾷ
682 2007 819 2078 utrobique
831 2011 886 2060 tam
896 2007 924 2060 in
936 2007 1017 2076 stirpe
1027 2007 1102 2072 Lari,
1115 2007 1295 2078 quamlndae,
1306 2007 1437 2062 Israeliten

270 2109 304 2145 ex
316 2093 436 2164 Aegypto
448 2094 584 2162 migrasse.
612 2092 686 2146 Dixit
697 2093 768 2146 euim
779 2093 857 2162 paulo
869 2097 942 2146 anter
959 2093 1088 2146 mansisse
1105 2093 1163 2146 illos
1180 2093 1207 2146 in
1219 2093 1339 2164 Aegypto
1357 2093 1437 2162 γενεὰς

271 2177 352 2246 πέντε,
373 2195 438 2249 quas
455 2179 547 2231 deinde
564 2178 717 2249 singillatIm
732 2183 874 2248 percenset.
911 2178 991 2248 Atqui
1006 2177 1038 2231 de
1055 2179 1113 2232 sola
1128 2178 1155 2232 id
1171 2178 1287 2234 beritius
1302 2186 1435 2250 utcunque

154 2331 155 2338 ἵ
270 2279 360 2318 verum
373 2269 424 2329 est;
441 2265 470 2318 in
480 2263 560 2318 Iudas
571 2265 651 2335 stirpe
662 2263 767 2318 fuimns.
794 2264 864 2317 Haec
876 2263 946 2318 enim
958 2269 998 2318 eat
1009 2264 1143 2334 utriusque
1154 2265 1243 2320 series.

815 2381 892 2455 Iacob

575 2485 639 2540 Levi
980 2485 1044 2541 Inda

576 2571 657 2626 (laath
980 2571 1077 2626 Pharas

577 2658 685 2711 Amram
981 2659 1083 2712 Hesron
1137 2655 1141 2665 “

575 2744 681 2816 Moyses
978 2743 1046 2797 Ram

980 2829 1126 2882 hminedsb

978 2913 1098 2998 Naasson

337 3037 488 3108 Aegyptum
503 3038 637 3108 ingressus
656 3042 696 3090 est
712 3037 802 3102 Iacob,
820 3053 880 3090 cum
896 3036 949 3091 iarn
961 3033 1043 3089 Oaath
1060 3039 1182 3106 nepotem
1194 3051 1228 3090 ex
1238 3034 1302 3090 Lari
1312 3034 1368 3088 tilio
1380 3051 1438 3088 aus·

271 3124 388 3195 cepisset
418 3121 591 3186 Quamobrem
607 3125 678 3194 prius
695 3123 759 3176 illud
772 3123 871 3176 falsum
887 3127 938 3188 est,
956 3121 1026 3174 πέντε
1043 3120 1126 3191 γενέας
1142 3121 1170 3174 in
1185 3121 1305 3192 Aegypto
1323 3136 1438 3176 commo·

271 3215 342 3262 ratos
358 3207 460 3262 Israelis
478 3215 609 3280 posteros,
625 3225 686 3262 cum
703 3209 769 3262 duaa
786 3214 832 3262 aut
844 3208 878 3261 ad
889 3223 1022 3261 summum
1033 3211 1086 3260 tres
1097 3206 1226 3261 duntaxat
1237 3206 1438 3262 intercesserint

270 3294 414 3359 Posterius,
432 3294 502 3366 qnod
519 3294 556 3348 ait
571 3295 663 3364 quinta
680 3299 750 3365 γενεᾷ
761 3295 900 3348 liberatum
911 3309 969 3348 esse
980 3293 1119 3364 populum,
1137 3291 1277 3346 commoda
1287 3279 1439 3364 ihterpreta·

179 3415 182 3436 .
271 3382 342 3435 tione
357 3379 646 3444 sioadiuvandumest,
665 3385 695 3432 ut
711 3381 831 3450 quintum
845 3375 1225 3449 caputperqsstosIntelIIgat.
1255 3377 1322 3432 Nam
1333 3379 1439 3449 Moyses

272 3465 393 3520 aiacobo
406 3465 512 3536 quintus
527 3471 576 3520 ost.
606 3465 772 3522 Neutrumin
785 3467 864 3536 stirpe
876 3461 1211 3534 Iudaeprocaderepotast
1241 3463 1375 3534 Siquidem
1387 3464 1439 3520 Na·

271 3569 352 3608 aeson
363 3552 485 3606 aiacobo
497 3553 624 3623 septimus
637 3559 684 3608 eet.
713 3551 783 3622 Engo
797 3553 836 3605 its
848 3551 935 3605 locum
947 3546 1085 3619 EpIphanii
1097 3549 1286 3619 concipiemus:
1304 3547 1328 3604 έν
1340 3552 1439 3622 χρόνοις

271 3637 398 3698 Mutetur
410 3637 451 3690 ani
462 3636 591 3690 Ναασσών·
610 3637 707 3708 πέμπτῃ
721 3641 791 3708 γενεᾷ
803 3632 866 3688 κατὰ
877 3633 919 3686 ebs
932 3633 987 3688 Asci
999 3631 1082 3695 ε’ξενσιν
1095 3639 1143 3690 stc.
1170 3635 1265 3696 Quinta
1275 3641 1439 3704 pausatione

272 3727 399 3778 deteneat
409 3727 436 3776 in
447 3727 513 3777 serie
525 3723 597 3779 Levi.
621 3722 696 3788 Quod
708 3722 881 3776 adiiciendum
892 3719 950 3774 ideo
962 3721 1024 3784 tuit,
1037 3721 1098 3790 quis
1108 3721 1201 3774 ambas
1213 3721 1280 3776 iuter
1288 3737 1318 3774 se
1324 3721 1439 3776 familias

271 3810 464 3881 permiscuerat.
494 3809 534 3862 Ad
546 3825 657 3879 sumque
668 3809 777 3862 modum
788 3806 940 3877 corrigenda
951 3811 977 3860 et
988 3805 1168 3877 Interpretatio
1180 3812 1278 3862 nostra

338 3895 395 3950 Huc
411 3896 457 3948 illa
473 3895 580 3951 celebris
596 3899 622 3947 et
639 3911 654 3948 s
671 3893 837 3964 chronologis
854 3896 951 3946 vexate
968 3893 1087 3962 queastio
1098 3893 1223 3962 pertinet:
1242 3896 1307 3962 quot
1317 3908 1400 3946 annos
1411 3894 1438 3948 iu

272 3981 391 4052 Aegypto
407 3980 540 4034 Israelitaa
556 3980 760 4050 permanseriut3
783 3995 861 4048 quam
877 3994 910 4032 na
927 3979 1056 4050 attingant
1072 3977 1121 4032 hoc
1138 3979 1209 4043 loeo,
1227 3993 1405 4044 cumeorum,
1423 3995 1440 4032 a

273 4067 368 4135 quibus
380 4073 421 4120 est
431 4072 542 4120 tractata
553 4065 689 4135 dIIIgentia
701 4069 727 4118 et
738 4065 825 4134 copia,
837 4069 893 4117 tum
905 4064 1024 4118 Instituta
1035 4069 1158 4118 notarum
1165 4063 1282 4118 brevitas
1293 4063 1418 4118 hortatur.

341 4145 390 4202 Ἦν
403 4151 430 4204 et
441 4151 495 4204 κατ’
508 4149 585 4204 satiro
595 4153 701 4220 tarpei]
718 4149 855 4204 Veteribus
865 4155 924 4203 anta
929 4149 1071 4204 Eusebium
1081 4149 1201 4204 omuibus
1209 4149 1439 4221 persuasissimum

273 4242 340 4302 erat,
352 4237 451 4308 Moysis
464 4238 602 4308 σύγγρονον
614 4233 739 4290 Inachum
751 4235 846 4301 iuisse;
863 4241 893 4288 ut
902 4234 1025 4306 Iosepho‚
1043 4233 1180 4300 Clementi,
1193 4235 1316 4300 Tauno,
1328 4237 1438 4290 materis

273 4322 391 4393 denique.
422 4322 538 4386 Quorum
554 4322 658 4393 quidem
675 4337 788 4374 errorem
804 4321 942 4391 oaatIgarit
956 4321 1085 4374 Eusebius
1102 4325 1129 4374 et
1142 4319 1269 4374 Inachum
1285 4326 1346 4374 anta
1357 4321 1438 4375 Israe-

272 4409 378 4462 litarum
394 4409 579 4478 migrationem
596 4408 672 4461 annis
688 4407 770 4462 ferme
787 4421 903 4462 coornat
919 4407 1038 4462 extitisse
1049 4406 1145 4461 docuit.
1175 4405 1261 4470 Quare
1272 4405 1439 4462 vehementer

273 4495 364 4560 miror,
376 4491 562 4564 Epiphanium‚
579 4495 624 4564 qui
635 4493 778 4548 Eusebium
788 4493 816 4548 in
828 4493 964 4558 omnibus,
981 4509 1048 4563 quae
1060 4491 1092 4546 ad
1103 4497 1250 4564 temporum
1261 4493 1389 4546 rationem
1400 4498 1438 4546 at-

273 4580 369 4645 tinent,
381 4585 505 4650 perpetuo
517 4579 645 4649 requitur.
658 4580 707 4645 tbi,
719 4579 884 4636 ubi1niuime
896 4579 1022 4650 oportuit,
1033 4579 1067 4634 ab
1079 4578 1135 4634 eius
1147 4579 1286 4634 autoritate
1298 4578 1438 4636 ductatore
