3138 5044
327 337 429 394 CXXX

325 511 367 546 xv.
392 491 517 556 Quocirca
528 492 569 546 rel
581 491 735 546 indictiones
746 489 880 545 Rumunue
891 491 945 544 iem
956 495 1013 544 tum
1030 505 1046 544 ι
1057 489 1177 544 Ιιιιιιιιίο
1193 489 1331 545 inchoatus
1342 497 1404 545 suut
1424 495 1449 544 et
1458 491 1484 544 in

324 579 448 632 ultimum
465 578 616 632 Decembris
634 577 703 631 diem
720 575 832 642 desitne,
850 577 892 630 rel
908 593 955 647 pro
973 591 1046 630 nccr.
1063 576 1133 648 epud
1149 575 1249 630 Bedsm
1260 591 1325 632 ocu.
1342 575 1486 647 legendum,

325 664 544 734 quemadmodum
555 664 652 734 legisse
664 661 817 716 scholiastes
829 661 938 727 ridetur,
955 661 998 715 rel
1009 661 1120 732 denique
1131 661 1237 716 indictio
1249 679 1291 715 rr.
1304 677 1352 733 pro
1363 681 1418 716 ιιι.
1428 663 1486 716 sub

325 751 463 805 stituendu.
498 749 572 814 Quod
584 750 606 802 si
618 765 681 804 nce.
694 763 793 802 sunum
804 747 877 802 Beds
893 749 1010 818 scripsit,
1028 753 1084 801 tum
1100 747 1190 818 utique
1202 765 1296 802 ιιιιιι.
1313 763 1383 802 enno
1402 749 1436 800 sb
1450 748 1486 800 in·

324 836 476 888 certatione
492 851 586 906 pessus
604 836 653 888 erit
670 834 804 898 dominus,
822 834 915 887 setstm
928 851 1011 887 ιιιιι.
1028 833 1142 886 ineunte.
1176 832 1272 886 Penius
1289 832 1485 904 Forosemprou.

324 921 369 974 lib.
382 939 416 976 ιι.
429 921 553 974 Paulinus
565 936 638 975 uuor.
651 920 755 991 quidem
772 936 870 973 sunum
886 920 935 973 hoc
951 919 979 972 iu
990 917 1077 973 Bedse
1088 920 1147 972 loeo
1159 920 1257 990 posuit,
1274 918 1320 972 sed
1337 935 1354 972 s
1368 919 1488 990 persium

324 1021 447 1072 neuris„
458 1023 513 1060 uon
522 1021 650 1061 ucrxvrrr.
668 1005 709 1059 lix
721 1023 772 1076 quo
784 1005 899 1076 idipsum
908 1003 978 1075 quod
987 1004 1064 1058 modo
1076 1004 1281 1075 significavimus
1293 1005 1407 1075 colligit,
1419 1003 1487 1058 Ohri·

325 1098 394 1144 stum
411 1109 445 1145 ex
462 1093 566 1146 illorum
583 1092 713 1145 sententis
723 1107 830 1162 passum
843 1108 901 1146 esse
913 1090 1006 1144 aetatis
1018 1105 1087 1144 enno
1097 1107 1169 1144 ιιιι.
1182 1107 1241 1144 cum
1252 1089 1335 1143 tribus
1346 1091 1488 1144 mensibus.

325 1177 426 1228 Etenim
440 1183 513 1243 anni,
525 1179 623 1248 iuquit,
641 1197 658 1229 a
666 1182 788 1247 passione
800 1188 824 1230 et
835 1181 1013 1229 incarnatione
1025 1179 1109 1229 eodem
1122 1179 1163 1228 die
1174 1175 1336 1240 inchoantur,
1350 1177 1397 1229 dcc
1409 1187 1447 1230 ert
1457 1177 1487 1228 ad

324 1281 381 1318 utu.
394 1261 456 1316 Kar.
469 1265 535 1333 Apr.
560 1263 631 1331 Erpo
648 1281 747 1316 necesse
764 1274 800 1316 est
815 1265 949 1315 secundnm
962 1262 1061 1316 Bedam
1078 1271 1153 1315 toturn
1164 1263 1234 1313 illurn
1251 1281 1357 1326 arenant,
1374 1267 1419 1332 pei
1434 1273 1489 1316 erut

239 1393 244 1405 .
294 1394 299 1408 .
323 1364 397 1404 »σοι
410 1349 442 1401 ab
455 1353 645 1413 incarnatione,
658 1366 710 1400 esse
722 1367 740 1400 u
746 1352 985 1418 pusn'oneucuxu.
1003 1347 1121 1401 Detrahe
1129 1351 1182 1400 ianr
1191 1361 1380 1401 annuendum
1389 1368 1408 1400 a
1417 1363 1486 1410 noct,

324 1435 456 1488 restabunt
464 1438 528 1488 antri
535 1451 611 1488 mn
620 1435 653 1486 ab
662 1438 841 1488 incarnatione
850 1437 1044 1504 adpaseicnern.
1063 1434 1188 1488 Deductus
1199 1434 1322 1486 mensibus
1333 1451 1419 1486 noum
1427 1451 1486 1503 pas·

325 1539 367 1572 nee
379 1529 417 1574 eet
428 1519 544 1572 Christus
556 1539 622 1572 anno
635 1538 706 1574 mr.
720 1539 775 1572 cum
787 1521 867 1574 trihus
878 1521 1008 1573 mensibus.
1031 1519 1102 1573 llaec
1116 1519 1167 1572 ille.
1191 1519 1288 1573 Verum
1305 1525 1436 1589 repugnet
1450 1519 1486 1570 in·

325 1606 416 1672 hedo,
428 1605 479 1660 nisi
491 1606 565 1659 aliter
576 1605 649 1660 locus
662 1605 819 1659 emendetur.
838 1605 879 1658 lix
890 1605 922 1660 iis
935 1605 1056 1659 omnibus
1065 1605 1224 1658 validissime
1233 1603 1320 1658 Bedue
1330 1605 1378 1658 ilis
1388 1604 1485 1658 sanctia

324 1692 457 1762 refellitur,
470 1708 522 1762 qun
533 1709 566 1746 ex
579 1691 703 1745 ecclesius
715 1691 766 1744 tide
775 1689 906 1744 Christum
915 1697 991 1762 putet
1001 1697 1133 1745 mortuum
1145 1707 1214 1744 enno
1223 1709 1327 1756 xxxxv„
1338 1689 1485 1760 rixmseque

324 1795 408 1832 anuos
421 1796 518 1842 ιιιιιι,
535 1794 639 1831 menses
651 1797 690 1832 ιιι.
725 1777 809 1842 Quum
821 1777 926 1847 quidem
938 1777 1088 1847 opinionem
1099 1781 1219 1830 nerninem
1230 1795 1270 1840 se,
1286 1779 1330 1846 put
1339 1777 1485 1846 quadraret,

324 1869 448 1934 reperisse
459 1863 555 1917 Paulus
568 1863 741 1932 Middelburg.
754 1862 875 1928 affirmet,
888 1863 952 1933 quin
964 1867 990 1917 et
1002 1861 1100 1916 Bedem
1111 1878 1130 1915 s
1140 1877 1168 1916 se
1179 1863 1236 1933 ipso
1249 1861 1394 1926 dissentire,
1406 1861 1485 1932 quiin

324 1948 465 2014 Chronico,
477 1951 532 2002 sive
543 1949 589 2004 lib.
603 1949 634 2002 de
646 1949 701 2001 Sex
710 1947 856 2013 hetetibus,
869 1949 987 2018 Augusto
1000 1963 1083 2002 annos
1096 1965 1140 2006 cvr
1151 1953 1177 2001 et
1188 1965 1234 2001 sex
1245 1963 1351 2002 meuses
1362 1948 1485 2016 ussigust,

324 2039 381 2087 tum
393 2034 523 2088 Ohristnm
536 2051 605 2088 auno
622 2035 693 2088 thius
705 2051 769 2088 ιιιι.
785 2034 812 2086 in
830 2033 899 2088 hunc
916 2033 1043 2088 mundum
1060 2034 1195 2088 edreuisse
1211 2033 1313 2099 scribit,
1331 2049 1401 2088 suno
1413 2031 1485 2086 Urbis

324 2136 437 2184 nocua,
451 2119 553 2190 Olymp.
564 2135 653 2174 cxciv.
665 2135 734 2172 suno
742 2105 835 2183 tertio,
847 2135 955 2190 pessum
967 2109 1027 2173 rerd
1039 2119 1136 2174 'liberii
1144 2137 1219 2178 xmr.
1242 2118 1315 2173 Unde
1327 2133 1485 2188 munequeus

324 2211 365 2258 est
372 2205 471 2258 vixisse
482 2205 531 2258 sub
540 2205 660 2274 Augusto
669 2220 752 2258 suuos
762 2221 815 2268 xrs,
826 2221 930 2259 menses
939 2223 982 2270 rur
994 2205 1043 2259 sub
1052 2205 1155 2260 Tiberio
1168 2221 1251 2260 snmus
1260 2221 1329 2271 xrrr,
1339 2221 1444 2260 menses
1452 2221 1485 2258 ru

324 2291 489 2360 Colliguntur
501 2290 563 2342 suni
575 2307 663 2354 ιιιιι,
675 2307 779 2344 memes
790 2291 866 2348 ureb
878 2292 1070 2356 iucsmstioue;
1082 2307 1098 2344 e
1108 2291 1243 2345 ushritste
1254 2291 1318 2344 euni
1326 2307 1405 2356 ιιιι,
1417 2307 1485 2344 meu·

323 2393 365 2428 ses
376 2395 416 2432 ιιι.
453 2375 579 2440 Quocirca
595 2381 696 2430 veteres
707 2375 942 2446 lliddelburgensis
958 2378 1092 2432 existimat
1108 2375 1210 2431 Christo
1227 2377 1255 2431 iu
1271 2393 1348 2432 cerne
1365 2377 1485 2432 tribuisse

323 2477 406 2516 eunus
419 2479 505 2517 ιιιιιι
522 2459 638 2516 nondum
654 2460 801 2527 sbsclutos,
817 2465 863 2516 sed
877 2481 927 2515 trun
944 2467 981 2516 ad
993 2463 1082 2516 Reduc
1097 2481 1196 2516 sensum
1212 2466 1255 2534 qui
1265 2463 1312 2516 tos
1323 2480 1405 2516 annos
1415 2471 1485 2517 entra

322 2557 418 2600 uterum
431 2568 448 2600 a
461 2549 545 2600 natali
557 2557 695 2618 conputat,
707 2547 752 2601 sed
763 2548 812 2612 its,
825 2552 853 2600 ut
864 2549 897 2602 eb
909 2549 1087 2603 inomnutioue
1099 2549 1157 2619 ipsu
1168 2553 1343 2602 numerentur.

390 2633 458 2687 Nem
470 2633 539 2704 quod
552 2633 677 2687 eeclesiae
694 2634 832 2687 saturitate
850 2634 896 2704 qui
912 2651 973 2688 cum
984 2633 1071 2688 Bedee
1087 2635 1245 2688 sententium
1260 2634 1334 2687 illum
1350 2633 1486 2688 udstruunt

322 2721 370 2774 niti
382 2737 410 2774 se
422 2719 584 2792 profitentur,
596 2719 675 2772 velim
687 2719 790 2773 concilii
801 2719 911 2773 alicuius
920 2721 1063 2785 demetum,
1076 2719 1125 2774 hoc
1136 2725 1178 2774 est
1188 2735 1353 2774 communem
1365 2720 1485 2774 sederim

322 2822 425 2871 rocem,
443 2811 489 2858 sut
505 2805 672 2876 antiquorum
690 2809 758 2858 certe
769 2805 876 2858 Petrum
893 2811 1056 2859 constsntem
1073 2806 1100 2860 in
1115 2805 1162 2859 ille
1177 2805 1273 2860 tuende
1289 2807 1485 2860 consensionem

321 2892 465 2961 proterunt,
490 2891 558 2962 quod
576 2905 710 2961 nunquam
728 2891 835 2944 omnino
852 2889 993 2961 perficient.
1036 2889 1090 2944 Nee
1109 2891 1180 2945 onim
1199 2891 1320 2962 igucrsre
1339 2905 1485 2963 possumus,

322 2981 481 3047 quantopere
492 2992 509 3028 e
520 2993 548 3030 se
560 2975 672 3030 invicem
682 2975 731 3031 PP.
745 2993 836 3030 omnes
849 2991 909 3029 cum
921 2977 947 3029 in
960 2993 1028 3030 suno
1039 2977 1183 3047 pessionis,
1201 2983 1258 3031 tum
1273 2977 1301 3030 iu
1312 2975 1354 3030 die
1366 2977 1425 3048 ipso
1437 2976 1485 3029 dis·

238 3068 241 3077 ¹
322 3061 431 3114 sidesnt
463 3061 585 3114 Irenaeus
602 3061 780 3132 apostolorum
795 3061 985 3132 propemodum
1000 3062 1116 3133 sequulis
1131 3063 1199 3116 inter
1215 3061 1447 3133 quadragesimum
1462 3065 1486 3114 st

323 3146 571 3216 quinquagesimum
587 3163 686 3200 anuum
704 3148 796 3201 aeteus
814 3163 877 3201 ruse
896 3163 1005 3218 pessum
1025 3165 1083 3202 esse
1103 3147 1259 3202 sslvutorem
1277 3148 1382 3213 mserit,
1399 3147 1445 3202 lib.
1458 3165 1485 3202 ιι.

322 3247 379 3302 erp.
388 3231 442 3296 39„
455 3231 532 3302 idque
544 3248 573 3285 ss
586 3238 612 3286 et
623 3249 657 3286 ex
669 3233 806 3304 stengelio
819 3237 845 3286 et
855 3231 961 3287 losunis
973 3233 1150 3303 evengelistae
1164 3233 1310 3305 discipulis,
1322 3233 1393 3304 quod
1404 3248 1422 3286 s
1433 3247 1485 3286 mr·

322 3317 405 3385 gistro
417 3323 581 3387 aeceperunt,
594 3317 714 3372 didicisse
726 3317 871 3373 confirmet.
890 3318 973 3382 Quem
984 3319 1084 3373 hennei
1094 3320 1182 3374 locum
1195 3335 1248 3372 nou
1260 3323 1329 3372 recte
1340 3318 1369 3372 in
1380 3317 1486 3372 hunsli·
1557 3345 1558 3375 r

323 3403 371 3454 bus
384 3402 543 3456 intellectum
555 3402 638 3458 video.
661 3402 766 3474 Negent
780 3403 850 3457 euim
862 3405 965 3474 penitus
982 3403 1032 3460 hoe
1047 3405 1080 3458 sb
1091 3403 1198 3458 horreo
1217 3421 1275 3458 esse
1286 3403 1421 3476 scriptum.
1444 3402 1486 3456 Ni·

321 3488 417 3540 mirum
428 3489 514 3541 rhene
524 3505 605 3542 menu
614 3489 740 3543 insertum
749 3489 837 3544 videri.
855 3489 936 3544 Cuius
945 3489 1108 3544 coniecturae
1117 3505 1236 3544 caunum
1244 3488 1312 3544 hsnc
1320 3489 1486 3560 potissimum

322 3571 445 3639 efferunt,
463 3573 532 3643 quod
550 3573 642 3628 eodem
659 3575 742 3646 cupite
759 3575 837 3646 psulo
856 3579 916 3629 ente
933 3575 1091 3629 contrsrium
1105 3575 1242 3646 profitetur
1253 3575 1415 3646 bsptisstuns
1430 3589 1485 3628 esse

321 3657 464 3724 Christum,
482 3675 541 3712 cnm
552 3660 739 3730 propemodum
752 3677 806 3714 ιιι
819 3665 889 3715 esset
899 3677 1040 3726 enuorum,
1056 3677 1087 3714 uc
1097 3660 1207 3716 subinde
1217 3661 1268 3714 tris
1277 3659 1404 3732 pusehsts
1415 3675 1486 3731 pere·

320 3745 405 3814 giers,
421 3761 532 3815 quorum
547 3745 575 3798 iu
590 3746 667 3800 tertie
683 3747 718 3800 sit
734 3761 835 3818 pessus.
860 3746 921 3801 Ideo
939 3747 1008 3817 quud
1024 3747 1191 3820 subiungitur
1201 3763 1302 3801 merum
1312 3747 1485 3818 imposterum

321 3847 378 3886 esse
389 3835 471 3902 putet.

388 3915 440 3970 Sed
451 3913 500 3969 hec
512 3916 662 3972 coniectura
679 3915 743 3972 nihil
760 3919 793 3972 sb
805 3919 904 3973 hennei
916 3923 1002 3974 mente
1015 3923 1041 3972 et
1052 3918 1183 3972 sententie
1193 3917 1258 3989 fingi
1270 3923 1357 3989 potest
1367 3917 1484 3972 slienim.

320 4003 433 4057 Tantum
445 4002 514 4055 euim
526 4003 602 4056 ubsst
612 4008 642 4056 ut
652 4001 717 4056 hese
729 4002 826 4057 hennei
838 4004 943 4076 propris
953 4021 1007 4058 nou
1021 4004 1087 4070 sint,
1104 4009 1133 4056 nt
1149 4003 1224 4057 eliber
1241 4019 1319 4074 quem
1335 4003 1359 4056 si
1373 4004 1413 4057 itu
1429 4019 1484 4058 seu·

320 4089 380 4140 u'rst
391 4105 422 4142 ec
435 4088 560 4141 scriberet
575 4088 644 4142 illiue
659 4087 800 4158 procedere
817 4089 957 4160 disputatio
975 4089 1047 4144 nullo
1065 4089 1143 4143 modo
1159 4089 1281 4161 potnerit.
1315 4089 1380 4160 Agit
1395 4089 1425 4143 iu
1442 4091 1484 4142 illo

320 4173 377 4226 loco
395 4179 485 4226 contre
501 4173 640 4228 Gnosticos
656 4173 787 4226 tricenarii
802 4176 903 4228 numeri
914 4191 945 4230 ec
955 4175 1106 4246 pleromatis
1117 4179 1256 4245 petrones,
1273 4175 1317 4245 qui
1334 4191 1399 4230 ιιι.
1418 4191 1484 4230 suno

321 4257 426 4313 ineunte
440 4259 601 4329 baptizatum
618 4257 762 4324 Christum,
780 4259 870 4313 eodem
882 4277 943 4316 nero
959 4277 1040 4327 anno,
1056 4277 1146 4314 meuse
1158 4277 1205 4316 ιιι.
1220 4275 1328 4331 pessum
1344 4275 1403 4313 esse
1420 4259 1484 4314 diee-

321 4343 392 4395 bent.
409 4343 480 4406 Quos
492 4361 525 4397 ex
538 4343 642 4398 lesnuis
654 4343 789 4414 evangelio
800 4345 907 4409 refellit·
920 4347 947 4400 iu
959 4363 1011 4417 quo
1022 4347 1073 4400 trie
1081 4347 1201 4400 detineto
1211 4346 1337 4417 peschsts
1346 4361 1484 4402 numeren-

321 4433 372 4482 tur.
390 4427 449 4480 Nou
457 4429 538 4498 igitur
546 4447 599 4484 uno
612 4445 680 4483 enno
692 4430 882 4500 praedicatione
893 4431 999 4486 motus
1010 4437 1057 4486 est
1074 4431 1164 4503 Neque
1172 4447 1234 4486 tero
1242 4431 1353 4486 trieiste
1361 4431 1485 4503 peschsts

321 4513 358 4566 sic
372 4513 459 4565 attulit
469 4514 603 4579 Irenaeus,
620 4521 712 4570 utnon
724 4516 800 4587 plura
811 4515 943 4571 Christum
955 4517 1068 4572 obiriese
1080 4517 1206 4582 crederet,
1224 4517 1271 4572 sed
1282 4515 1353 4588 quod
1365 4518 1435 4589 spud
1448 4519 1483 4572 lo·

321 4613 416 4650 sunem
427 4597 525 4668 liquide
537 4601 582 4652 ills
594 4606 620 4656 et
631 4617 756 4671 expresse
766 4603 896 4674 leguntur,
909 4617 942 4658 ex
958 4603 992 4657 iis
1008 4603 1100 4657 saltem
1117 4604 1149 4656 sd
1165 4604 1270 4658 tertium
1286 4619 1371 4673 usque
1388 4619 1483 4658 ennam
1552 4639 1553 4664 t
