3166 5044
302 249 350 310 XL
363 266 370 275 .

301 407 355 457 tur:
371 402 417 456 sed
427 397 556 456 Hebraics
566 415 583 454 a
594 417 647 454 nux
665 399 812 453 senioribus
824 398 978 470 ducrspant.
1017 402 1056 490 up
1074 368 1135 488 up}
1147 400 1186 486 'tp
1203 369 1268 468 ’ὠ
1285 401 1328 460 w
1345 399 1412 472 bt>
1423 403 1467 462 'lx

302 493 369 550 :ml
382 491 450 553 *pepp
464 491 519 548 ute
533 491 602 550 Wl
618 451 688 578 bsh,
704 490 872 556 praeceptum
883 485 916 537 od
929 489 1108 556 praeceptum,
1119 501 1180 555 spes
1190 481 1223 536 ad
1234 499 1321 553 spem,
1333 487 1383 538 ete.
1407 483 1467 536 Vol:

300 575 403 628 blondo
414 573 554 635 remando,
567 579 684 640 expecta,
696 580 844 641 nupsere,-
861 570 930 640 quod
942 571 973 623 de
985 570 1113 640 sacrilega
1123 569 1226 623 mimssi
1237 585 1268 620 sc
1279 567 1415 622 dicacitate
1426 569 1468 622 lu-

302 662 427 713 daeorum
437 658 621 727 interpretatur
632 655 815 725 Hieronymus.
833 657 868 709 At
879 673 940 710 uxr.
953 653 1031 725 θλίψις
1044 652 1082 706 lul
1100 654 1188 725 θλίψιν,
1200 651 1267 715 nole
1278 651 1316 706 ἐπ’
1327 651 1422 722 ἐλπίδι,
1433 651 1468 705 ἔτι

302 744 397 817 μικρὸν,
411 741 445 795 ἔτι
455 743 550 812 μιαρόν.
566 741 693 794 Videntur
704 745 754 802 Ἢ
765 757 813 812 pro
824 745 867 803 l&
878 741 982 812 legisse.
1000 739 1054 794 Nec
1064 739 1123 794 ideo
1135 739 1296 794 accusandus
1307 746 1348 794 est
1356 738 1469 810 Epipha-

303 831 373 895 nius,
385 833 415 882 nt
427 845 444 882 a
455 827 543 882 nescio
556 843 608 896 quo
619 825 719 880 lactum
730 831 781 892 est,
793 827 869 896 quusi
879 826 1004 880 Hebraico
1015 826 1144 880 nescierit
1160 823 1287 880 Hebraico
1297 830 1327 878 ut
1338 831 1413 879 eraut
1423 841 1469 878 sr-

302 915 406 988 soripsit
416 915 473 978 ille,
485 917 541 966 turn
553 912 586 965 sd
597 911 704 982 singula
715 909 843 966 vocabula
853 911 978 966 Graecam
989 912 1229 981 interpretationem
1240 910 1368 980 adiunxit,
1381 911 1468 964 cuius·

303 1000 414 1054 modiin
426 999 536 1054 ecclesis
546 998 644 1070 passim
656 996 774 1050 exaudiri
785 997 897 1062 solebat;
910 1003 936 1051 st
947 995 1112 1068 ἑρμηνεύεται,
1129 997 1208 1062 dixit,
1220 996 1269 1050 boc
1280 997 1368 1050 est'ita
1379 1013 1396 1048 s
1404 1015 1467 1052 unx.

302 1086 425 1142 redditur.
461 1083 534 1149 Quod
552 1089 640 1138 sutem
655 1081 724 1136 idem
740 1083 785 1136 ille
804 1089 903 1148 censet,
924 1082 1065 1136 Nicolaitae
1080 1082 1250 1154 impurissimi
1266 1081 1308 1134 dei
1319 1083 1360 1134 sui
1371 1099 1469 1136 nomen

302 1170 469 1240 Καυλανεαθχ
478 1187 492 1224 e
500 1170 832 1239 Psulm.xxrx.sumpsisss,
840 1169 887 1222 ubi
895 1169 932 1221 its
940 1169 1115 1238 scriptumest
1123 1171 1201 1230 mn
1213 1135 1342 1254 §epaon
1353 1169 1469 1232 robusta,
1564 1193 1565 1238 ν

302 1271 333 1310 ac
343 1271 479 1327 perperam
489 1254 663 1326 Epiphanium
675 1269 709 1307 err
720 1253 789 1307 lssia
799 1254 977 1318 transtulisse,
997 1251 1062 1306 mibi
1072 1269 1125 1307 non
1136 1253 1236 1324 probet
1262 1251 1329 1306 llam
1341 1253 1394 1306 lllis·
1403 1253 1469 1323 ipsis
1564 1311 1565 1334 ρ

304 1341 388 1396 Isaise
400 1341 486 1395 verbis
498 1341 594 1394 abusos
605 1339 749 1394 haereticos
762 1340 836 1392 testis
848 1345 888 1392 est
898 1339 1016 1404 Hieron„
1027 1339 1102 1392 cuius
1114 1337 1177 1392 baec
1188 1339 1268 1392 verbs
1278 1343 1351 1391 sunt:
1369 1339 1470 1408 Hisque

287 1429 388 1491 acerbos
406 1428 478 1480 obsti
492 1427 555 1478 solet
568 1427 769 1479 immundissima
785 1425 900 1478 λαενειὲε
917 1425 988 1494 apud
1002 1425 1130 1494 simplices
1142 1441 1247 1493 quaequae
1259 1433 1333 1494 atquc
1344 1426 1469 1494 deceptos,

303 1525 331 1566 ot
343 1521 463 1565 terrorem
469 1515 561 1582 societ
571 1515 681 1564 oooitote
692 1527 845 1574 εανπναινιεανς
861 1513 928 1580 pund
941 1511 1041 1562 scilicet
1051 1513 1095 1579 qni
1105 1509 1170 1562 boec
1181 1510 1260 1562 cerba
1272 1514 1430 1578 copooeesdt,
1446 1519 1471 1561 st

303 1603 331 1651 εἰν
343 1603 411 1652 cocto
429 1615 514 1651 eorum
530 1601 681 1660 meminerit,
699 1597 791 1666 abspes
807 1597 862 1648 ullo
878 1596 1034 1648 dubitatione
1052 1603 1168 1648 boussut
1184 1597 1221 1648 ad
1237 1611 1318 1662 repon
1336 1596 1469 1648 coelorum.

231 1755 235 1768 Ι
303 1683 408 1761 Nicetes
425 1684 470 1737 lib.
483 1700 501 1738 r.
515 1681 641 1736 Thesauri
652 1680 793 1736 Nicolaitas
809 1681 899 1735 scribit
909 1680 1048 1736 Pruuicum
1064 1680 1200 1734 mulierem
1215 1685 1243 1734 st
1256 1679 1413 1734 Gaulsucanr
1423 1695 1469 1733 re·

304 1775 408 1824 necatos
421 1785 487 1822 esse.

466 1905 512 1960 ΔΙ)
532 1903 706 1958 Hsusnsllu
722 1903 835 1968 xxvi,
856 1903 945 1967 Quos
965 1904 1028 1958 EST
1049 1901 1300 1958 Gnosticorum

374 2024 559 2079 Gnosticorum
576 2013 727 2095 appellatio,
744 2039 824 2094 quam
840 2023 1009 2094 impurissimi
1024 2023 1213 2082 baereticorum
1227 2027 1396 2094 usurpsrnnt,
1413 2025 1469 2078 exi-

306 2111 389 2166 mium
401 2109 531 2180 quendam
548 2115 626 2180 atque
643 2109 803 2180 exquisitum
818 2109 899 2162 animi
910 2115 1007 2163 statum
1019 2125 1049 2164 ac
1061 2111 1205 2164 sanctitatis
1223 2108 1366 2178 significat,
1385 2114 1416 2162 ut
1434 2127 1469 2163 ex

307 2195 483 2251 Alexandrino
493 2193 625 2249 Clemente
637 2195 747 2265 ullisque
760 2195 882 2266 colligere
890 2196 957 2251 licet.
974 2195 1040 2249 Nam
1053 2196 1122 2267 apud
1134 2196 1208 2250 illum
1218 2213 1235 2250 ι.
1248 2193 1360 2274 Paedag.
1370 2211 1426 2264 cap.
1434 2213 1470 2247 νι.
1564 2195 1565 2208 ’

306 2284 473 2350 opponuntur
485 2278 508 2332 ol
526 2281 660 2332 Γνωστικολ
676 2284 727 2341 τοῖς
747 2281 882 2355 Ψνχιαοῖς,
894 2286 921 2335 et
931 2280 1092 2351 Hvsoputucl
1103 2285 1236 2335 vocantur.
1262 2279 1315 2331 Oria
1333 2277 1380 2350 ἄρα
1391 2279 1415 2332 ol
1426 2279 1469 2350 plu

305 2365 451 2433 Γνωατιιοὶ,
469 2363 491 2416 ol
508 2365 534 2418 sl
548 2365 656 2436 Ψνχναολ
668 2363 692 2418 te
706 2365 774 2436 αὐτῷ
786 2369 823 2437 τῷ
835 2365 921 2437 λόγῳ,
939 2364 995 2419 ἀλλ’
1008 2365 1030 2418 oi
1047 2365 1134 2428 πάντες
1145 2365 1289 2436 ἀποθέμενοι
1300 2364 1342 2426 τὰς
1354 2365 1469 2436 separabo
1564 2367 1565 2416 l

305 2449 431 2520 ἐπιθυμίας
447 2449 497 2504 'icor
512 2451 553 2503 sul
565 2451 725 2520 Πνενματινολ
742 2450 809 2523 παρὰ
820 2456 857 2522 Ιτῷ
869 2451 954 2523 κυρίῳ,
981 2452 1033 2506 Sed
1043 2453 1071 2506 iu
1085 2453 1143 2506 aliis
1155 2451 1324 2522 Στρωματέων
1340 2451 1426 2525 libris,
1443 2457 1470 2504 et
1564 2479 1565 2486 ι

305 2537 435 2608 imprimis
448 2553 493 2590 νιι.
506 2537 538 2592 de
552 2535 683 2590 Gnosticis
695 2543 721 2590 et
732 2541 854 2608 γνωσιαῇ
866 2535 964 2609 δυνάμει
975 2537 1092 2608 pluribus
1106 2537 1234 2608 disputat3
1250 2537 1324 2590 ouius
1340 2536 1396 2607 τρία
1411 2553 1470 2591 esse

306 2623 367 2676 dicit
379 2619 576 2696 dussellum:
594 2622 716 2676 nimirum
732 2622 760 2674 ab
778 2623 903 2693 γινώσκειν
920 2622 950 2674 τὰ
965 2622 1111 2694 πράγματα,
1129 2623 1239 2692 δεύτερον
1255 2621 1284 2674 τθ
1300 2620 1415 2674 ἐπιτελέἱν
1433 2621 1470 2674 ὅτι

305 2709 334 2760 ἂν
347 2705 360 2760 ὁ
373 2707 448 2779 λόγος
461 2707 613 2779 ὑπαγορεύῃ,
625 2707 666 2760 nal
678 2707 757 2778 τρίτον
768 2707 796 2759 rb
809 2709 970 2778 παραδιδόναι
982 2708 1097 2761 δύνασθαι
1108 2708 1248 2779 θεοπρεπῶς
1256 2707 1287 2760 τὰ
1295 2707 1399 2777 nuptu-'p'
1409 2706 1470 2774 ἀλη-

306 2793 358 2864 θείᾳ
370 2791 570 2864 ἐπινενρνμμένα.
596 2793 680 2858 Quare
695 2793 813 2848 Gnostici
831 2800 892 2848 suut
906 2793 1025 2850 homines
1041 2793 1156 2864 perlecta
1172 2810 1203 2848 ac
1218 2794 1346 2864 singulari
1357 2793 1470 2864 quadam

305 2880 400 2932 virtute
412 2879 606 2932 ac¹diriuarum
621 2895 711 2933 rerum
724 2880 833 2933 scientia
848 2879 970 2950 praediti,
990 2895 1039 2932 nec
1056 2895 1086 2932 oe
1102 2879 1207 2949 quidem
1224 2880 1338 2950 vulgari,
1359 2879 1404 2934 sed
1424 2880 1470 2932 ab·
1564 2903 1565 2916 ι

306 2970 393 3018 strusa
404 2980 435 3017 sc
447 2965 587 3020 recondita
612 2964 686 3018 Unde
698 2966 743 3035 qul
754 2981 771 3018 a
781 2965 902 3030 Nicolao,
919 2964 1031 3018 Basilldo
1043 2966 1201 3036 caeterisque
1211 2966 1350 3036 propagati
1360 2979 1470 3018 meones
1564 3017 1565 3034 ρ

307 3050 434 3119 quasdem
446 3065 530 3120 nugas
544 3055 570 3103 st
586 3050 731 3104 exserenda
746 3051 834 3106 nescio
852 3065 918 3121 quae
933 3049 1072 3120 figmenta,
1090 3051 1162 3104 velut
1177 3052 1314 3120 mysteria,
1330 3051 1470 3116 truderent,
1564 3059 1565 3094 l

307 3133 461 3210 Γνωστιναθς
474 3151 503 3188 ss
515 3135 548 3188 ab
560 3135 692 3204 exquisita
702 3135 747 3188 ills
758 3151 844 3190 rerum
855 3135 1041 3190 altissimarum
1052 3135 1147 3190 notitia
1158 3136 1208 3190 dici
1218 3137 1362 3190 uoluerunt.
1380 3135 1471 3206 liugn·

307 3221 404 3273 stinus:
424 3221 541 3272 Gnostici
547 3229 656 3290 propter
668 3221 841 3274 excellentium
855 3225 978 3275 scietatice
989 3225 1027 3274 sa'c
1038 3239 1065 3274 se
1078 3223 1220 3292 appellatos
1231 3240 1284 3275 esse
1291 3224 1333 3275 vel
1341 3224 1472 3292 appellari
1564 3245 1565 3268 ι

307 3305 422 3358 debuisse
433 3306 586 3373 plectantur.
611 3305 688 3375 Apud
699 3304 832 3362 Socratem
843 3307 888 3360 lib.
901 3324 935 3360 rr.
947 3323 1004 3378 cop.
1016 3323 1103 3372 urna,
1114 3307 1179 3362 alias
1192 3304 1240 3377 νβ’,
1252 3307 1420 3378 corrigendus
1432 3307 1471 3360 iu-

307 3396 420 3461 terpres,
438 3391 482 3460 qui
500 3390 568 3460 qued
580 3390 707 3462 Euagrius
725 3390 756 3445 de
773 3393 871 3463 insigni
888 3392 1000 3463 quodum
1016 3393 1144 3446 monacho
1162 3393 1302 3464 scripserat
1315 3393 1348 3446 ad
1358 3393 1471 3447 Muniam
1564 3447 1565 3450 ,

229 3522 234 3534 .
274 3518 279 3532 .
306 3476 394 3530 laeum
404 3474 551 3530 habitante:
570 3479 691 3546 reposuisset
703 3475 729 3529 δὲ
742 3476 802 3550 αὐτῇ
816 3478 925 3548 μαναχθς
937 3481 979 3544 τῆς
990 3477 1147 3549 παρεμβολῆς
1158 3481 1208 3530 τῶν
1218 3479 1363 3531 Γνωστιαῶν
1376 3476 1390 3530 θ
1403 3479 1471 3530 δανει-

308 3560 437 3633 μώτατας,
453 3562 492 3614 ita
502 3562 590 3615 vertit:
609 3563 643 3614 Ιπ
660 3581 691 3615 eo
705 3563 842 3616 monachos
853 3583 883 3617 ex
894 3572 964 3616 secto
978 3565 1152 3618 Gnosticorum
1162 3568 1204 3616 eir
1214 3568 1413 3634 spectatissimus
1423 3564 1470 3617 bo-

308 3649 409 3700 bs'toctt.
426 3645 542 3702 Fallitur.
569 3645 659 3718 Neque
670 3649 740 3701 enim
752 3665 786 3702 ex
797 3653 853 3702 tam
863 3651 965 3720 impura
976 3655 1048 3704 secta
1058 3649 1195 3704 laudabilis
1208 3665 1238 3702 sc
1249 3649 1346 3719 probus
1358 3650 1471 3704 existere

306 3731 449 3788 monachus
461 3733 559 3803 potuit,
576 3749 661 3804 neque
673 3733 704 3787 ds
715 3735 854 3788 virtutibus
865 3740 920 3788 turn
931 3736 1061 3806 exquisite
1073 3734 1211 3806 disputare.
1237 3733 1321 3798 Quare
1332 3734 1470 3795 Γνασταθς

306 3819 398 3873 eodem
409 3835 501 3883 sensu,
513 3835 565 3889 quo
577 3817 697 3873 Clemens
709 3835 773 3874 usus
785 3825 839 3886 est,
851 3827 877 3874 ct
887 3820 1014 3892 Euagrius
1026 3821 1096 3892 ipse,
1108 3821 1154 3891 qui
1164 3821 1260 3874 librum
1271 3817 1420 3874 eonomine
1431 3821 1470 3874 iu·

306 3906 455 3976 sculpserat,
473 3903 639 3975 accipiendus
651 3909 702 3970 est,
719 3922 812 3977 nempe
825 3903 839 3958 θ
851 3906 1005 3968 καταξιωθεὶς
1017 3909 1059 3974 τῆς
1071 3905 1197 3976 γνώσεως,
1215 3906 1313 3959 ommia
1323 3905 1470 3959 dirlnmum

306 4005 392 4043 rernm
404 3990 513 4044 scientia
523 3989 663 4061 praeditus.
689 3989 776 4046 ltedeo
793 3991 826 4044 ad
840 3989 959 4046 haeresin
972 3991 1166 4058 Gnosticorum,
1184 4007 1250 4061 quse
1266 4007 1321 4044 uon
1337 4007 1391 4045 uns
1406 3993 1469 4045 sim·

306 4075 418 4145 pleane
427 4077 488 4142 tuit,
500 4075 546 4129 sed
554 4075 669 4130 universi
677 4075 745 4142 lere,
757 4093 823 4146 quos
832 4076 970 4132 fabulones
978 4077 1141 4150 Augustinus
1149 4082 1238 4142 vocat,
1250 4081 1351 4146 quipse,
1362 4077 1469 4130 utilem

307 4157 357 4225 ait,
362 4162 471 4228 salutm
482 4179 577 4228 conos,
595 4179 686 4232 eosque
697 4163 788 4230 leopos
799 4173 824 4215 et
832 4164 969 4233 perplexos
981 4171 1170 4228 contemserunt,
1185 4161 1369 4216 Gnosticorum
1380 4163 1468 4233 appel·

306 4245 403 4300 lstione
415 4253 560 4302 censentur.
578 4247 739 4318 Epiphanius
750 4246 991 4314 intabescunt,
1002 4248 1052 4302 sub
1063 4247 1175 4314 initium,
1187 4247 1276 4302 decem
1286 4245 1469 4302 Gnosticorum

307 4347 404 4402 genera
414 4331 488 4396 lacit,
504 4332 639 4386 atotidsm
649 4333 753 4386 illorum
763 4339 909 4404 propagata
919 4334 1042 4399 ducibus,
1059 4349 1125 4404 quos
1136 4334 1231 4405 partim
1243 4333 1335 4388 sudem
1344 4333 1390 4388 illo
1400 4333 1467 4399 loco,

308 4418 402 4487 partim
413 4416 515 4472 bueresi
525 4435 606 4472 xxrrr.
618 4435 644 4471 n.
655 4435 664 4471 r
675 4424 817 4489 percenset.
846 4419 913 4473 Sunt
923 4427 1012 4473 autem
1021 4417 1061 4472 hi:
1078 4419 1170 4474 Simon
1181 4419 1332 4484 Mensnder,
1349 4419 1467 4474 Saturni-

305 4503 361 4570 lus,
377 4501 517 4569 Basilides,
534 4501 669 4570 Nicotaus,
685 4503 1042 4579 superaccrescens,
1058 4504 1226 4573 Gulorbasus,
1242 4505 1421 4572 Ptolomaeus,
1441 4509 1467 4560 et
