3166 5044
1193 325 1288 388 m

121 481 283 553 praeempta
293 481 383 538 icisse.
405 481 465 536 Non
475 481 576 538 inficior
587 482 655 537 idem
667 487 693 536 et
703 481 833 554 plerisque
844 481 892 536 PP.
903 481 995 548 videri,
1011 487 1038 536 et
1047 483 1175 554 imprimis
1187 483 1287 539 lnetino

121 568 150 622 in
166 567 279 638 Dialogo
300 585 361 622 curn
380 565 532 640 lhyphone,
552 569 585 623 de
600 569 734 640 gestandis
753 569 942 639 alligandisque
961 568 1115 623 frontalibus
1134 571 1287 626 mandatum

122 653 227 707 ludaeis
239 653 345 708 editum.
368 653 421 709 Sed
433 671 465 708 er
477 655 544 725 legis
555 654 605 708 hoo
616 655 702 709 verbis
713 659 800 726 aperto
809 655 896 726 colligi
904 671 989 726 posse,
1001 655 1071 726 quod
1079 661 1153 727 putet
1161 655 1287 726 Scaliger,

122 737 172 792 hoc
184 755 246 794 vero
257 755 381 811 pernego.
403 740 438 794 Ht
448 741 530 794 multo
547 739 610 794 mihi
625 741 783 812 probabilior
794 741 944 810 Hieronymi
959 741 1088 796 aenhntia
1098 740 1210 805 videtur,
1227 757 1286 796 cunr

122 825 466 896 antiquissimaludaeorum
478 825 637 881 consuetudo
649 843 702 880 non
713 827 798 880 maius
806 825 855 880 hac
867 827 893 882 in
905 833 978 898 parte
988 826 1176 898 praeiudicium
1187 825 1287 893 afferat,

123 927 204 980 quam
215 913 334 966 sexcenti
350 913 395 966 alii
406 913 472 966 ritus
484 928 514 966 ao
527 911 679 981 δευτερώσιις
695 913 900 985 nugacissimas,
921 929 987 984 quoe
998 913 1051 966 iam
1066 919 1123 966 turn
1136 911 1231 966 Christi
1242 913 1287 966 do·

123 997 191 1050 mini
205 1003 323 1070 tempore
340 1015 374 1052 ex
392 999 458 1069 legis
478 999 564 1053 verbis
580 1015 634 1052 non
649 999 737 1052 minue
753 999 846 1052 stolide
863 1014 943 1068 quam
960 999 1126 1070 pertinaciter
1140 997 1286 1054 eliciebant

122 1081 161 1135 lie
172 1083 284 1138 fimbriis
301 1084 376 1138 aliter
392 1084 566 1138 sentiendum.
588 1084 691 1138 Etenim
703 1083 780 1138 Num.
792 1103 840 1150 xv,
860 1083 902 1141 38.
916 1085 1047 1155 conceptis
1063 1084 1150 1138 verbis
1166 1085 1287 1138 iubentur

117 1170 237 1238 fimbriae
246 1189 294 1240 per
300 1172 442 1240 politorum
454 1172 560 1240 angoloa
572 1170 677 1235 debere,
693 1170 837 1241 iisdemque
853 1174 931 1224 vittae
942 1169 1124 1239 hyacinthinae
1135 1170 1285 1241 adiungere.

122 1253 251 1309 fimbrias
263 1256 389 1310 Hebraico
400 1256 486 1310 ldoees
504 1259 621 1322 num,
634 1273 687 1310 axx
699 1254 832 1327 κράσπεδα.
865 1256 950 1310 Vittas
964 1260 1052 1310 autem
1064 1256 1106 1310 iile
1122 1227 1225 1326 sulib,
1243 1256 1288 1310 isti

123 1339 231 1410 κλῶσμα
247 1347 350 1396 vocant.
379 1341 418 1397 De
434 1342 528 1414 quibua
539 1359 593 1397 non
613 1343 698 1398 solum
709 1342 834 1409 Hebraei,
849 1342 895 1396 sed
912 1348 938 1397 et
948 1347 1077 1397 coenatos
1089 1342 1172 1396 critici
1183 1342 1288 1414 copiose
1314 1365 1335 1406 ιι.
1344 1351 1374 1395 aa.

122 1425 262 1481 dlsserunt.

191 1512 310 1566 Tenedum
326 1511 421 1566 πλατέα
436 1513 535 1585 σήματα
551 1514 699 1586 πορφύραι]
730 1514 799 1569 Mira
814 1513 936 1570 vocabuli
949 1512 1028 1568 huius
1044 1515 1093 1566 τῶν
1117 1512 1288 1584 φυλακτηρίων

123 1597 315 1670 interpretatio,
333 1599 421 1654 clavos
437 1617 495 1654 esee
514 1617 658 1672 purpureos
673 1600 741 1653 latos
753 1600 798 1670 qui
815 1600 924 1654 colobiis
941 1605 968 1653 et
978 1599 1140 1670 epomidibus
1156 1599 1288 1654 insueren-

121 1689 172 1750 tur,
184 1683 218 1737 ad
230 1680 342 1740 eundem
352 1685 460 1740 modum
472 1687 642 1757 quoRomani
652 1691 785 1740 senatores
797 1686 838 1739 sui
850 1686 946 1740 ordinis
957 1685 1061 1756 insigne
1068 1685 1215 1756 gestabant.
1232 1686 1288 1739 Hoc

121 1783 197 1833 vero,
221 1770 342 1841 inquam,
363 1771 544 1826 admirandum
555 1773 641 1843 potios
657 1787 736 1842 quam
747 1777 793 1825 aut
804 1771 862 1825 sine
873 1771 924 1825 alio
936 1770 1029 1824 idoneo
1041 1775 1133 1824 autore
1143 1771 1221 1824 nimis
1232 1787 1288 1824 am·

121 1855 302 1928 plectendum,
326 1861 373 1910 aut
392 1858 477 1912 acrius
497 1855 737 1929 reprehendendum
756 1857 826 1928 qnod
846 1858 873 1910 in
895 1855 1009 1911 Elenoho
1030 1856 1148 1926 Scaliger
1167 1857 1288 1910 instituit.

122 1943 201 2013 Ahpni
220 1947 310 1996 utrum
326 1942 479 1998 dalmaticas
495 1945 559 1998 istae
580 1949 607 1998 et
623 1943 772 1998 colobionas
789 1944 905 1997 clevatos
921 1941 1054 1997 Pharisaei
1073 1943 1136 1996 olim
1151 1943 1288 2012 gesserint,

121 2043 205 2099 eque
217 2026 378 2098 phylacteria
388 2030 504 2102 plerique
516 2030 718 2096 nominaverint,
730 2045 824 2096 usone,
836 2029 940 2084 aliunde
951 2035 1068 2083 constare
1078 2045 1132 2082 non
1143 2033 1242 2100 potest,
1262 2033 1289 2082 et

120 2129 154 2168 cx
165 2113 306 2168 reconditis
316 2113 470 2170 ludaeorum
481 2115 555 2170 libris
567 2131 597 2168 ac
609 2115 701 2170 ritibus
712 2117 797 2170 multa
807 2113 968 2186 Epiphanius
980 2115 1066 2186 potuit
1077 2113 1209 2168 addiscere
1218 2127 1288 2184 ‘quae

121 2197 170 2254 boc
182 2200 289 2254 saeculo
306 2205 333 2254 et
349 2199 480 2256 hodiernis
496 2201 598 2255 ludaeis
614 2201 706 2272 ignota
721 2207 790 2254 sunt.
821 2199 884 2255 Esto
895 2201 987 2272 igitur,
1006 2201 1093 2254 claros
1110 2201 1190 2254 etism
1200 2201 1288 2254 istius·
1365 2257 1369 2267 ι

120 2285 193 2340 modi
204 2283 359 2356 φυλακτήρια
369 2287 586 2358 nuncupaverint,
598 2288 678 2358 vulgo
689 2293 779 2342 tamen
791 2285 944 2357 estsuper
954 2288 1007 2352 illa,
1019 2295 1129 2357 quornm
1141 2284 1288 2340 Matthaeus
1371 2281 1373 2286 ’

1 2420 2 2427 ,
120 2371 254 2438 meminit,
271 2388 332 2426 cum
342 2371 501 2444 Hieronymo
516 2371 651 2444 pittaciola
666 2379 693 2426 et
708 2373 907 2428 membranacea
925 2373 1048 2428 frontalia
1066 2373 1160 2428 eruditi
1170 2371 1288 2428 homines

120 2457 332 2529 interpretantur.

188 2537 318 2605 Ῥοΐοκους
332 2541 380 2615 γάρ
392 2561 456 2605 τινας
468 2539 507 2597 tot
519 2544 549 2597 τὰ
561 2545 687 2616 τέσσαρα]
713 2545 831 2600 Ridicule
842 2545 959 2618 Scaliger
970 2549 1000 2598 ut
1010 2544 1183 2616 Epiphaniam
1195 2545 1288 2598 erroris

121 2635 228 2700 arguat,
245 2629 276 2682 δι’
292 2632 363 2683 molo
376 2634 486 2700 punico,
508 2631 606 2701 inquit,
622 2649 672 2684 noo
687 2635 768 2700 ἐρέται·
785 2630 918 2701 κράσπεδα.
942 2629 1022 2695 Quasi
1037 2647 1090 2684 non
1102 2630 1181 2684 etiam
1193 2625 1288 2700 ροΐσκοι

122 2719 172 2777 τοῖς
185 2714 333 2788 κρασπέδοις
345 2715 448 2786 alligari
459 2717 603 2787 potuerint3
614 2721 644 2770 ut
655 2721 681 2770 et
692 2717 781 2788 spinas
793 2715 953 2786 adhibuisse,
966 2733 1018 2788 quo
1030 2729 1147 2770 cruorem
1157 2716 1288 2781 elicerent,

121 2807 233 2856 testatur
242 2801 425 2872 Hieronymus.
447 2801 501 2856 Neo
513 2803 602 2856 obstat
617 2802 688 2872 qnod
704 2796 817 2872 ῥοΐσκους
833 2817 952 2856 summus
964 2801 1084 2862 sacerdos
1096 2799 1121 2852 le
1133 2799 1287 2872 ἀρχιερατικῇ

122 2887 200 2959 στολῇ
210 2888 360 2958 gestaverit.
371 2885 439 2941 Nam
444 2887 559 2942 diversos
566 2888 657 2942 abillis
666 2903 726 2942 cum
737 2903 854 2953 numero,
864 2893 920 2942 tum
930 2887 1040 2940 materia
1048 2885 1157 2956 aliisque
1168 2887 1194 2940 id
1203 2901 1287 2956 genus

121 2973 268 3038 iberisaei,
281 2989 341 3028 oum
352 2973 380 3027 in
391 2978 463 3027 casto
475 2979 575 3039 essent,
591 2988 716 3043 usurpare
726 2977 854 3044 poterant.
878 2972 921 3026 Sic
934 2972 1147 3044 paludamentum
1164 2987 1224 3026 cnm
1235 2972 1287 3025 Ro-

121 3075 261 3114 manorum
273 3059 355 3130 lmpp.
367 3059 500 3130 proprium
511 3059 602 3124 iacnt,
614 3059 693 3112 etiarn
704 3057 831 3114 militibus
843 3058 998 3114 attribuitur.
1021 3059 1106 3130 Atque
1117 3063 1147 3112 ut
1158 3073 1174 3111 a
1185 3057 1288 3111 ludaeis

123 3161 175 3200 non
186 3143 321 3210 raedam,
333 3145 392 3215 qnia
403 3145 486 3198 nescit
495 3145 564 3198 inter
574 3144 671 3198 summi
683 3143 824 3198 sacerdotis
835 3149 921 3198 restes
932 3143 1029 3215 ephod,
1046 3145 1100 3198 sire
1112 3142 1155 3211 κήν
1166 3141 1287 3214 ἐπωμίδα,

122 3247 151 3284 ao
162 3229 378 3302 superhumerale
389 3229 489 3284 iubae?
500 3229 534 3283 Et
544 3235 633 3284 umen
644 3245 698 3284 nen
709 3230 787 3284 modo
799 3230 946 3284 sacerdotes
959 3229 1106 3283 achonitae
1117 3231 1224 3296 caeteri,
1242 3229 1288 3283 eed

123 3319 202 3372 eliam
213 3315 276 3370 laici
286 3314 377 3387 thod
393 3316 548 3382 induebant,
563 3316 602 3368 uti
613 3315 697 3370 David
707 3316 751 3370 lih
765 3331 793 3371 rr.
805 3316 871 3387 Reg.
883 3331 939 3388 cap.
951 3333 991 3381 vr,
1006 3315 1045 3369 14.
1068 3315 1120 3370 Sed
1136 3314 1185 3369 hoc
1199 3315 1289 3368 videli-

122 3409 163 3457 cet
172 3404 275 3456 lineum
287 3405 354 3466 erat,
373 3403 484 3456 alterum
495 3401 559 3455 illud
569 3401 722 3473 pontificum
733 3403 867 3472 proprium
878 3407 990 3473 quatuor
1000 3417 1033 3455 er
1045 3401 1175 3455 coloribus
1187 3407 1288 3455 cousta-

124 3489 175 3555 hat,
187 3485 339 3560 hyacintho,
350 3487 439 3557 bysso,
451 3503 537 3552 coeco,
548 3503 676 3560 purpura;
687 3488 733 3542 eed
745 3493 772 3541 et
782 3503 846 3542 auro
858 3493 1010 3542 contextum
1022 3493 1085 3540 erat.
1110 3487 1173 3542 Vide
1183 3487 1287 3541 Hieron.

123 3574 204 3646 lipist.
222 3573 257 3628 ad
272 3572 416 3635 Fabiolam.
440 3573 524 3629 Nimis
539 3573 620 3644 igitur
635 3575 734 3637 msulae
754 3573 878 3628 adversus
888 3572 1064 3646 Epiphaniam
1079 3577 1199 3627 nochum
1211 3589 1287 3644 argu-

121 3665 255 3715 mentatur
266 3659 393 3730 Scaliger.

189 3744 297 3816 beosdpa
309 3743 336 3797 bi
348 3743 380 3806 ric
391 3745 434 3797 rho
451 3743 599 3798 διδάσκαλον
616 3744 718 3815 αὐτῶν]
744 3745 841 3800 Hadem
857 3745 1024 3816 δουταρὼοεωυ
1040 3761 1138 3815 genera
1153 3751 1288 3815 percenset

122 3830 223 3886 haeresi
235 3847 335 3896 xxxrrr,
356 3849 382 3886 n.
392 3849 428 3887 rx.
458 3831 515 3896 Quo
532 3849 565 3886 ex
581 3833 640 3886 loco
656 3829 743 3900 Ῥαββλ
761 3829 860 3900 Ἀκιβᾶυ
876 3847 924 3902 pro
937 3831 1074 3902 Βαρακιβᾶν
1090 3831 1229 3901 legendum
1245 3830 1288 3884 bic
1335 3813 1340 3832 ’

123 3917 302 3972 admonemur.
326 3916 374 3970 Hic
386 3921 426 3970 eet
437 3917 480 3970 ille
491 3917 543 3970 nisi
553 3917 630 3971 iallor
641 3918 671 3972 R.
683 3916 769 3970 Akiha
780 3917 812 3970 de
824 3934 875 3988 quo
892 3918 919 3971 in
930 3917 1086 3971 iudaeorum
1096 3917 1251 3972 Kalendario
1262 3935 1287 3982 v,
1323 3957 1331 3970 .

122 4003 162 4058 dic
173 4003 245 4058 Tibri
255 4001 320 4059 bueo
335 4001 465 4075 aucupto
480 4007 553 4057 auntt
574 4004 606 4059 R.
620 4004 708 4056 Akila
719 4006 793 4073 filice
804 4004 896 4074 Ioseph
913 4007 1048 4058 coniicitur
1064 4008 1091 4056 e'n
1108 4005 1224 4068 vinculo,
1244 4005 1289 4056 ohe·

122 4095 236 4144 meritur.

393 4227 439 4282 AD
456 4225 625 4284 HbERHSlN
643 4225 725 4282 XVII.
742 4225 1015 4282 PHAHISAEOHUM.

190 4346 302 4414 Συυῆσαυ
314 4347 361 4418 γὰρ
374 4347 509 4408 αὐτοῖςκαὶ
522 4345 544 4400 ei
555 4347 679 4417 Neptuni]
696 4346 866 4418 DeScaligeri
874 4347 1076 4400 hallucinatione
1084 4347 1288 4418 supraridirnns,

125 4435 167 4504 qui
178 4433 296 4505 νομικοὺς
309 4438 443 4487 actuum
453 4449 511 4487 esee
522 4449 553 4487 ac
558 4435 728 4503 smmoiurs'oe
738 4433 853 4487 credidit.
877 4433 1016 4486 Proximus
1024 4432 1085 4486 huic
1093 4449 1164 4487 error
1173 4435 1287 4504 estquod

124 4523 288 4589 praesmtem
304 4517 443 4590 Epiphanii
457 4521 545 4574 locum
564 4519 796 4590 sicinterpretatue
812 4524 864 4584 est,
885 4523 915 4571 ut
934 4517 963 4570 r'o
985 4517 1067 4580 αὐτοῖς
1087 4519 1120 4573 ad
1135 4504 1287 4574 Pharisae'os

124 4605 243 4672 referret,
263 4605 421 4676 quibuscum
435 4603 645 4662 versabantur!
665 4605 768 4677 νομικοί.
792 4604 967 4676 Epepduor'ue,
996 4605 1092 4676 inquit,
1122 4615 1209 4676 operte
1229 4606 1286 4666 τοὺς
