3126 5046
1184 351 1269 408 cxci

265 541 311 596 AD
328 539 502 598 HAERESIM
519 539 591 608 clv,
609 539 699 606 Quas
716 539 780 595 EST
796 539 1118 596 ruuououlstlouun.
1296 541 1371 594 nm

175 643 304 698 Theodoti
317 643 425 699 Coriarii
437 643 574 716 Byzantini
589 645 709 698 meminit
724 643 851 698 Eusebius
866 643 911 698 lib.
921 663 945 699 v.
961 643 1051 699 histor.
1069 660 1126 714 cap.
1137 661 1227 710 xxvii,
1244 648 1271 696 et

105 729 150 782 alii
171 729 243 782 citati
264 747 280 782 a
299 729 411 784 Barouic
430 747 452 784 a
468 729 523 784 196.
540 731 702 800 Augustinus
720 727 922 783 Theodotionem
941 729 1067 784 nominat.
1102 727 1199 782 Extant
1218 729 1270 782 col-

105 813 226 867 lectanea
239 832 252 867 e
264 815 377 869 Thodcti
390 815 524 870 cuiusdam
536 816 637 886 scriptis
650 816 718 886 apud
731 813 810 869 Clam.
823 831 889 885 quus
900 831 954 868 non
966 816 1071 885 sapiunt
1082 813 1245 868 catholicum.

174 899 207 954 N.
220 920 239 954 ι.
257 901 309 954 Οὐκ
322 894 377 953 οἶδα
389 899 461 953 εἰπεῖν
473 900 497 953 ἐν
510 905 546 971 τῷ
559 901 683 971 τοιούτῳ]
708 901 873 954 Correximus
887 898 975 970 ὁποίῳ.
993 899 1048 954 Sub
1059 901 1095 954 M.
1105 901 1203 956 Aurelii
1213 917 1270 971 por·

105 985 241 1038 secntione
253 985 322 1040 istud
335 987 456 1058 contigit,
468 993 498 1040 ut
509 986 603 1040 Earon.
616 987 711 1040 ibidum
724 987 824 1039 asserit.

173 1070 206 1124 N.
218 1089 248 1126 rr.
268 1071 313 1123 list
324 1069 407 1142 ἀγνοεῖ
418 1070 431 1124 ὁ
444 1069 566 1139 ἐλεεινός]
591 1071 653 1125 Vide
664 1073 830 1142 interpretes,
840 1069 1020 1142 imprimisque
1030 1071 1144 1126 Naidon.

174 1155 207 1211 N.
220 1175 259 1210 ιιι.
278 1149 351 1227 Εἶτα,
364 1157 436 1228 φησι,
449 1156 489 1209 nal
498 1157 526 1208 rb
536 1156 699 1228 εὐαγγέλοι]
718 1158 763 1212 Vis
776 1158 826 1211 istu
837 1157 1042 1211 ratiocinationis
1052 1155 1130 1210 huius
1141 1155 1223 1210 iuisse
1234 1155 1271 1210 vi-

105 1241 190 1297 detur.
208 1241 356 1295 Theodotus
366 1251 394 1296 ut
402 1243 524 1314 probaret
532 1241 663 1297 Christum
671 1259 772 1296 merum
781 1259 811 1296 sc
821 1243 965 1313 simplicem
975 1241 1106 1297 hominem
1118 1259 1174 1296 esse
1186 1243 1270 1296 Lucae

104 1328 194 1381 verbis
212 1327 341 1392 utebatur,
359 1329 453 1397 quibus
469 1330 580 1400 angelus
592 1329 690 1382 Mariae
707 1329 785 1394 dixit,
803 1337 1018 1400 superventurum
1034 1329 1060 1382 iu
1077 1345 1134 1382 eam
1151 1329 1272 1400 spiritum

106 1420 243 1478 sanctum,
261 1431 314 1466 nou
326 1421 415 1466 antem
426 1413 453 1467 in
465 1430 496 1466 ea
506 1415 635 1480 futurum,
653 1415 706 1480 rel,
724 1422 753 1468 ut
764 1415 842 1486 paulo
854 1421 913 1486 post
924 1415 1046 1484 loquitur,
1062 1413 1090 1467 in
1102 1431 1160 1467 eam
1171 1415 1271 1484 ingres·

106 1515 209 1552 surum.
227 1497 294 1551 Num
306 1499 351 1551 illa
360 1499 450 1566 verba,
463 1497 615 1552 insistentes
627 1495 665 1551 inl
677 1499 716 1572 ei,
729 1499 899 1553 adventitium
910 1500 1008 1570 aliquid
1020 1505 1046 1552 et
1056 1501 1217 1554 extrinsecus
1229 1515 1271 1553 nc-

105 1584 203 1636 cedens
214 1583 328 1637 indicare
340 1583 467 1640 videntur.

174 1667 207 1723 N.
220 1687 256 1722 ιν.
274 1668 453 1740 Προφοσΐζεται
464 1669 537 1723 πάλιν
547 1668 560 1722 ὁ
571 1670 709 1742 Ostiense]
727 1671 872 1724 Hieremias
883 1671 955 1724 locus
968 1669 1024 1737 ills,
1037 1687 1114 1740 quem
1123 1669 1271 1724 Theodotus

105 1753 246 1819 afferebat,
259 1771 291 1808 ex
304 1773 358 1808 uxr
370 1757 502 1810 saniorum
513 1756 625 1810 editione
637 1756 803 1827 depromptus
816 1763 865 1809 est:
878 1751 1022 1826 Ἄνθρωπός
1031 1754 1094 1824 ἐστι,
1108 1755 1148 1807 nel
1160 1755 1194 1818 τίς
1207 1755 1271 1826 γνώ-

106 1857 174 1894 σεται
186 1837 276 1909 odedu,
294 1840 420 1895 llebruice
431 1859 484 1895 vox
501 1847 588 1903 mesre
606 1842 730 1911 ambigua
741 1839 932 1912 significatione
944 1842 1109 1894 occasionem
1119 1842 1271 1912 interprete·

68 1956 72 1965 ‹
106 1924 186 1979 tionis
197 1925 269 1978 illius
281 1925 362 1991 dedit,
374 1934 404 1980 ut
415 1927 597 1980 animadvertit
608 1927 711 1980 Hieron.
734 1927 806 1979 Nam
817 1931 841 1978 ss·
852 1928 964 1994 lepannne
975 1913 1075 2008 nefingi,
1087 1927 1157 1979 tomo
1168 1930 1270 1990 dicitnr,

106 2032 130 2080 ai
141 2039 225 2082 antem
238 2015 339 2119 tinnis,
351 2031 528 2093 inscrutabile,
541 2034 593 2082 sice
603 2029 762 2100 desperabile
767 2051 775 2092 ,·
788 2047 814 2084 eo
827 2031 893 2100 quod
904 2031 986 2082 trullus
997 2005 1173 2082 ccr'dcminum
1185 2031 1272 2082 ualeat

107 2135 230 2186 inuenire.
255 2133 289 2186 At
304 2134 386 2186 sancti
397 2131 446 2188 PP.
460 2133 617 2188 contrarium
633 2133 701 2198 eius,
719 2132 789 2204 quod
800 2130 947 2186 Theodotus
965 2133 1112 2203 pugnabat,
1130 2149 1163 2186 ex
1180 2131 1271 2186 ecdem

106 2217 165 2272 leco
175 2217 307 2272 deducunt
316 2217 446 2272 Christum
454 2235 507 2272 nen
516 2204 661 2290 simplicem
670 2217 802 2272 bominem
814 2235 884 2284 esse,
895 2218 941 2272 sed
953 2234 1005 2272 una
1014 2219 1092 2272 etiam
1101 2219 1191 2283 deum;
1202 2217 1272 2287 quod

107 2301 283 2373 Hieronymus
294 2321 347 2358 non
358 2303 459 2375 probat.
476 2301 572 2369 Solent,
583 2304 680 2376 inquit,
692 2307 794 2374 qnidam
804 2309 894 2368 noem,
907 2305 968 2358 derso
980 2307 1077 2375 quidem
1089 2313 1156 2368 noto,
1168 2307 1272 2358 sednon

105 2391 245 2442 secundum
261 2395 406 2456 scientiane,
423 2393 462 2442 uti
473 2388 519 2442 dcc
534 2390 590 2444 'loco
608 2399 698 2444 contra
710 2391 833 2455 Iudaeos,
845 2393 913 2461 qnod
929 2390 999 2444 horno
1014 2395 1049 2442 sit
1064 2393 1177 2444 dominus
1194 2407 1272 2461 nepus

107 2483 183 2544 utque
193 2477 316 2540 edoctor,
327 2477 461 2528 secondum
471 2477 682 2546 dispensationem
694 2480 783 2528 carnis
795 2485 951 2546 assumptae,
968 2478 1096 2547 nulluspue
1106 2480 1192 2547 posset
1206 2480 1272 2530 nati·

106 2563 198 2614 nitute'e
210 2565 263 2614 οιίιι
273 2567 341 2614 scire
351 2565 507 2630 eupatorium,
519 2563 654 2615 secundum
666 2563 732 2615 iilud
742 2564 809 2632 qnod
818 2566 940 2632 scriptum
952 2571 1000 2614 eet:
1016 2563 1207 2616 Cesserata'unem
1219 2567 1273 2615 eine

107 2651 164 2716 puis
176 2647 326 2701 encrruditi
342 2651 392 2700 rusi
403 2647 470 2700 solue
482 2649 554 2712 dens,
567 2651 610 2718 qui
621 2665 723 2701 arcuna
735 2651 851 2710 rinrctnr,
864 2657 888 2698 et
898 2649 984 2700 reddit
994 2653 1126 2716 unicuique
1137 2649 1271 2700 secundum

107 2749 190 2802 opera
201 2751 258 2788 suu.
281 2733 374 2786 Melius
386 2741 468 2786 cutem
480 2743 527 2797 est,
540 2744 566 2786 nt
577 2734 729 2802 simpliciter
740 2736 911 2801 accipientum,
923 2733 990 2802 qnod
1000 2733 1082 2784 nullus
1093 2735 1271 2800 cogitationum

107 2827 209 2871 secreta
221 2827 368 2887 connotent,
382 2819 510 2871 sisisclus
521 2819 589 2872 dene.
623 2817 692 2872 Haec
707 2818 760 2871 illc.
794 2816 834 2870 sd
850 2817 961 2870 eundern
977 2833 1084 2870 sensum
1098 2817 1178 2870 refert
1192 2818 1271 2872 etiam

105 2901 296 2959 innueretur.
329 2903 435 2958 Tertull.
447 2920 507 2958 vero
525 2909 615 2958 contra
629 2902 683 2956 ind.
700 2918 755 2973 cap.
765 2919 828 2966 ιιι,
845 2900 989 2972 Cyprianus
1005 2892 1028 2957 c'.
1041 2902 1095 2956 Iud.
1108 2919 1164 2974 cup.
1173 2921 1207 2969 x,
1222 2903 1271 2957 La·

108 2993 188 3044 stunt
200 2989 245 3044 lib.
255 3007 290 3048 ιι.
302 3005 433 3060 capsur,
448 2994 474 3042 et
491 2989 547 3054 alii,
563 3005 628 3059 quos
644 2989 722 3042 tacito
740 2988 846 3043 nomine
861 2993 936 3042 notat
950 2989 1054 3044 Hieron.
1070 2988 1104 3042 ad
1120 2987 1215 3043 Christi
1234 2989 1271 3042 di·

106 3075 253 3130 viditatem.

177 3159 210 3214 N.
223 3177 246 3214 r.
268 3158 377 3232 Ἐλέγχη
390 3159 416 3212 hl
427 3158 508 3230 πάλιν,
521 3159 647 3227 esocen]
670 3159 710 3214 lix
722 3177 753 3215 ee
765 3160 835 3232 quod
846 3159 879 3213 ad
890 3161 970 3232 patris
982 3161 1116 3216 dexteram
1129 3163 1270 3216 collocatus

108 3247 143 3300 sit
154 3246 241 3312 iilius,
258 3247 314 3317 pari
325 3253 352 3298 et
363 3246 453 3300 eadem
465 3262 526 3300 cum
537 3246 581 3299 illo
594 3245 721 3316 dignitate
738 3263 768 3300 ao
779 3253 908 3318 potestate
921 3264 977 3302 esse
988 3247 1111 3302 &candus
1124 3253 1170 3304 est.
1210 3249 1272 3302 Arn-

108 3333 179 3388 hros.
192 3331 279 3387 Serm.
288 3349 327 3390 ιιι.
340 3331 372 3386 de
383 3332 547 3388 Pentecoste.-
560 3331 602 3384 Ne
613 3335 751 3397 miremini,
762 3333 861 3404 inquit,
873 3335 939 3402 quod
950 3335 987 3386 od
997 3336 1126 3387 desinam
1132 3339 1222 3406 patres
1232 3352 1272 3387 re·

106 3421 194 3472 sidere
203 3420 357 3487 diuifiiinm:
374 3420 412 3471 ud
420 3420 549 3471 daleam
557 3419 662 3482 residet,
681 3437 728 3471 non
739 3423 801 3488 qaia
812 3423 895 3472 maior
904 3429 995 3489 putre,
1009 3421 1056 3472 sed
1067 3437 1096 3471 ne
1108 3425 1190 3473 minor
1193 3431 1272 3490 putre

106 3523 162 3558 esee
174 3505 306 3567 credam,
317 3509 384 3556 ucat
394 3504 520 3558 haeretici
531 3503 707 3574 blasphemare
719 3513 904 3559 conmeeernnt.
939 3503 1011 3558 idem
1022 3505 1124 3576 colligit
1135 3505 1167 3558 ad
1178 3504 1271 3559 Psulm.

108 3609 185 3644 rvris.
203 3606 238 3643 ex
255 3589 300 3642 illo
317 3588 412 3644 Paalm.
427 3588 482 3642 109.
500 3589 570 3642 loco:
593 3588 657 3642 Sede
676 3611 693 3642 a
711 3591 807 3644 dennis
822 3594 891 3644 ιιοίι.
926 3589 1031 3655 Quibus
1047 3596 1074 3643 et
1094 3591 1221 3644 similibus
1238 3607 1271 3645 ex
1376 3607 1383 3618 ’

107 3677 173 3730 locis
185 3681 295 3747 apparet
305 3675 400 3730 iulsam
411 3691 501 3728 eorum
513 3691 570 3728 esse
581 3676 749 3741 sententium,
766 3676 812 3746 qui
827 3675 959 3731 sinistram
973 3675 1042 3746 apud
1052 3681 1151 3730 veteres
1163 3675 1272 3731 honoru-

107 3764 204 3816 ticrem
222 3760 314 3814 dextra
330 3761 411 3814 iubae
428 3761 594 3815 contendunt.
630 3759 709 3815 Cuius
730 3761 858 3833 opinionis
878 3765 961 3814 auter.
979 3759 1094 3817 Nebrise.
1111 3777 1168 3832 cap.
1179 3779 1271 3818 xxxix.

107 3845 324 3918 Quinquagenae.

236 4001 281 4055 AD
298 3999 473 4055 HAERESIM
489 4000 549 4066 LV,
568 3999 656 4065 chu
673 3999 736 4054 EST
753 3999 1152 4056 mcuusunucusuontuu
1299 4017 1372 4071 part.

177 4103 210 4158 N.
224 4121 240 4157 r.
259 4101 466 4164 'insensabiliter
478 4101 565 4174 τάχα]
583 4102 798 4158 A'dheodotianis
809 4109 879 4157 ortos
891 4120 949 4157 esse
957 4101 1202 4158 Melchisedeeianos
1214 4119 1272 4158 ceu·

109 4197 150 4244 set
164 4187 335 4260 Epiphanius.
369 4189 475 4242 Tertnll.
487 4205 548 4242 uero
560 4191 604 4244 lib.
619 4189 650 4242 de
660 4187 814 4260 Praescript
826 4205 880 4260 cap.
890 4207 946 4244 nur.
959 4191 1038 4243 stiam
1054 4188 1216 4243 Theodotum
1232 4207 1272 4243 se·

108 4283 167 4330 ctae
186 4273 264 4328 huius
280 4281 397 4328 autorem
414 4275 561 4339 constituit,
578 4291 630 4328 non
647 4275 759 4344 priorem
775 4275 850 4329 illum
866 4281 892 4328 st
907 4275 1075 4345 Byzantium,
1092 4275 1138 4328 sed
1155 4277 1273 4343 alterum,

110 4377 193 4432 quem
205 4358 387 4431 ἂργυρομοιβὸν
399 4359 575 4414 Theodoretua
587 4360 668 4414 inisse
680 4367 774 4414 namet.
800 4361 929 4415 Eusebius
941 4363 985 4414 lib.
994 4379 1019 4416 v.
1032 4377 1087 4432 cap.
1096 4379 1178 4416 xxvu.
1190 4361 1271 4416 Thec-

108 4448 167 4502 doti
182 4446 285 4501 coriarii
300 4445 455 4518 discipulum
471 4445 600 4516 quendam
617 4453 805 4513 commemorat
819 4445 981 4502 Theodotum
996 4445 1170 4517 Trapcaitam,
1187 4463 1204 4500 a
1221 4465 1271 4518 quc

109 4533 236 4603 &ceptus
248 4531 348 4586 Natalia
360 4531 494 4586 ccniessor
510 4532 609 4602 insigni
625 4532 750 4586 ιιιίιιοιιίο
765 4533 886 4603 resipuit,
903 4534 976 4586 cuius
992 4538 1019 4586 et
1029 4531 1206 4588 Theodoretus
1218 4551 1272 4588 me·

108 4619 197 4674 minis
232 4617 279 4670 liic
296 4617 376 4687 igitur
387 4617 534 4674 Theodotus
550 4617 583 4672 ad
594 4619 715 4689 magistri
725 4619 767 4674 sui
777 4619 937 4689 impietatem
948 4618 998 4674 hoc
1009 4619 1113 4686 adiecit,
1130 4625 1160 4673 ut
1170 4618 1271 4674 Christo
