3126 5046
1082 349 1253 406 cdxxxvii

90 501 163 574 qnod
173 503 298 574 seriptum
310 509 351 558 est
365 506 482 568 mim
501 507 566 574 >m
583 509 627 570 *tit
642 506 675 558 ed
685 509 826 559 terrentem
838 505 964 576 Aegypti,
975 509 1107 560 rertsruut
1118 505 1163 568 ίως
1175 503 1253 559 Ῥινο-

91 587 228 661 ιοροόρονν,
247 595 276 643 οί
291 589 413 644 Salienus
429 597 519 644 nemer
531 592 652 644 observet
662 597 724 646 tom.
734 609 753 644 1.
766 591 833 644 huns
844 591 1017 661 Rimunyrnm
1028 591 1061 644 sd
1072 590 1141 646 bene
1151 593 1252 645 locum:

77 674 144 730 .Ps·a
156 683 266 727 tenente
277 675 455 745 Aegyptius
465 676 669 730 ίίίνίοοοονννονν
681 677 877 739 meminent,
894 678 960 745 quod
970 685 1009 730 est
1017 678 1119 746 opidum
1129 681 1157 730 ia
1168 677 1253 746 depp-

86 764 130 830 pta'
139 759 354 831 Palaestinasque
366 763 485 831 confinia,
502 779 551 815 nos
562 763 703 814 tumoerba
717 765 917 832 impetrarem,
929 779 1004 832 quast
1014 778 1112 814 sennes
1124 763 1253 815 verbenas

90 850 266 914 exprimentes.
289 845 362 898 Unde
374 846 412 899 sie
422 845 487 900 illud
498 847 675 917 accipiendum
688 852 728 900 eet
738 846 807 916 apud
817 845 1004 917 Epiphaninm:
1021 844 1195 916 Ῥινονοροίρο
1206 845 1253 918 γὰρ

90 928 247 1000 ίρμηνειίεται
258 929 332 1000 listi,
348 937 379 984 nt
388 931 458 984 idem
470 932 517 998 ait,
532 937 610 1002 atque
622 933 673 986 alio
685 932 814 990 roesbulo
825 932 983 987 nominatur.
1017 930 1107 1000 Neque
1119 933 1189 986 enim
1200 937 1255 986 tarn

88 1016 227 1086 imperitus
238 1016 397 1081 Hebrsiemi,
414 1021 459 1070 sut
474 1017 625 1071 hellenismi
641 1017 703 1083 tuit,
720 1021 749 1071 ut
760 1015 947 1088 ‘Pmeanpotipav
962 1015 1033 1070 idem
1050 1033 1081 1072 ιο
1096 989 1161 1090 biii
1173 1017 1255 1087 sigui·

89 1100 171 1154 iieare
182 1101 305 1156 erederet

161 1185 207 1238 itai
218 1186 420 1256 Μαρενανδιίνην]
449 1187 670 1244 Mariandinerum
680 1189 768 1258 regio,
780 1187 849 1258 qnod
860 1187 953 1252 seiam,
965 1187 992 1240 in
1004 1185 1127 1256 Bithynis
1137 1193 1191 1252 est,
1201 1205 1255 1242 non

87 1273 118 1325 in
131 1272 226 1326 Atrida⁴
261 1273 314 1326 Aut
329 1274 408 1344 igitur
424 1273 537 1328 alienum
548 1275 675 1329 inlocum
685 1273 801 1344 irrepsit,
817 1279 863 1326 aut
878 1273 952 1326 aliter
963 1287 996 1325 es
1005 1289 1058 1326 rex
1069 1272 1256 1327 eeniormenda

88 1356 201 1410 ridetur.
234 1357 363 1412 Nimirum
379 1355 429 1410 ἀπὸ
446 1362 488 1426 τῆς
506 1359 613 1429 Μαρείας
629 1359 729 1430 λίμνης,
745 1364 775 1412 nt
791 1358 815 1410 si
830 1357 966 1429 λίαρενονλ,
984 1359 1026 1411 rel
1041 1357 1139 1429 aliquid
1150 1359 1183 1412 ed
1195 1375 1254 1412 enm

89 1441 201 1496 medum
211 1441 347 1497 inflexum.
380 1443 448 1498 Nem
458 1445 543 1498 bieria
554 1443 688 1516 Stepbsno
700 1441 794 1511 idipso:
806 1442 877 1504 πόλις
889 1450 916 1496 et
927 1442 1000 1513 λίμνη
1012 1449 1064 1508 est,
1080 1459 1146 1514 quae
1164 1450 1189 1497 et
1199 1445 1255 1498 bia·

88 1529 187 1582 tacetis
195 1527 324 1582 dieituriu
333 1529 466 1604 Aegypto,
478 1531 510 1583 de
521 1547 574 1600 qua
582 1531 675 1584 Strabo
687 1529 732 1583 iib.
740 1545 805 1582 xvir.
821 1527 935 1582 Aderat
944 1529 1119 1582 coniecturam
1130 1537 1254 1595 nostram,

88 1613 162 1682 qued
173 1612 330 1684 dispertiret
341 1625 388 1685 per
400 1626 408 1680 t
422 1616 547 1686 sinpler,
563 1615 633 1686 epnd
649 1613 824 1685 Epiphanium
832 1629 894 1666 sero
905 1629 952 1683 per
963 1611 1154 1684 diphthongum
1165 1617 1255 1668 sosibi-

86 1705 143 1763 tnr,
153 1704 185 1752 ut
194 1696 244 1750 exe
256 1701 299 1766 νῆς
311 1699 417 1769 Mapsiq'r
429 1700 558 1770 originem
568 1701 679 1754 duxerit
710 1699 853 1752 Possumus
864 1704 891 1750 et
902 1697 1060 1768 Μαροωτινὴν
1071 1699 1169 1768 legere,
1185 1700 1254 1769 qnod

88 1783 183 1838 eedem
194 1783 294 1840 recidit
312 1785 380 1840 Nam
388 1776 530 1853 hierontius
535 1787 654 1855 Aegypto
663 1783 842 1848 contribuitur,
854 1789 881 1836 et
892 1799 952 1836 oum
960 1783 1044 1852 Libya
1051 1785 1167 1854 copulari
1178 1785 1253 1840 solet.
1281 1806 1302 1846 ο.
1310 1795 1354 1837 m

159 1867 325 1940 hemensium]
359 1865 448 1940 Leptis
464 1871 569 1924 nemine
585 1871 651 1924 dnae
666 1875 805 1922 censentur
822 1869 899 1922 urbes
914 1869 942 1922 in
954 1867 1041 1921 Africa
1051 1868 1121 1938 apud
1131 1869 1254 1935 Plinium,

89 1955 191 2010 eseiam
202 1961 265 2020 ste.;
275 1957 359 2009 attera
369 1945 543 2028 cognomenta
553 1971 663 2025 magna,
675 1954 757 2008 altera
766 1969 848 2024 parre
859 1953 960 2008 dieitur.
990 1954 1013 2006 A
1028 1955 1113 2024 priore
1129 1954 1256 2009 formatur

88 2057 137 2110 per
148 2039 317 2094 hiberionem
329 2039 555 2112 Leptimngnenais
567 2041 636 2110 apud
648 2040 807 2110 cyprianum
818 2041 846 2092 in
857 2039 977 2110 episcop.
989 2037 1130 2093 Sententiis
1146 2041 1178 2093 de
1188 2041 1255 2094 liee-

89 2126 180 2178 retieia
191 2125 353 2196 bsptisandis
364 2113 414 2179 sub
425 2125 515 2180 tinem.
536 2125 642 2181 Videtur
659 2126 739 2194 igitur
749 2124 818 2195 apud
830 2122 1002 2194 Epiphanium
1015 2122 1183 2195 Λιπτιμίγνον
1194 2127 1255 2180 sub-

89 2209 265 2275 stituendum,
277 2217 323 2264 sut
333 2216 403 2264 uerte
413 2209 568 2276 Λοπτοτίνην.

160 2293 207 2346 ίίοί
218 2298 260 2362 τῆς
272 2292 322 2348 teo
334 2295 468 2366 Γοδοίρης]
503 2295 584 2362 Quasi
595 2295 692 2350 Gadirs
704 2296 778 2365 regio
791 2297 928 2366 quaepiam
939 2296 1041 2350 hhieae
1056 2296 1105 2363 sit,
1121 2301 1168 2350 ant
1181 2299 1256 2352 idan-

90 2381 217 2446 ritaniae,
227 2381 445 2451 quemadmodum
456 2381 645 2452 etiingitenae
657 2381 797 2450 Hiepsniae
809 2397 905 2434 nemen
915 2381 1080 2451 impositum,
1092 2387 1123 2436 nt
1130 2383 1256 2454 Hispanit

90 2467 291 2533 Transiretana,
302 2468 344 2520 rel
355 2467 495 2538 Tingitana
506 2467 641 2532 diceretur,
652 2468 680 2520 in
692 2465 798 2520 Notitia.
832 2465 953 2519 Fortasse
964 2468 1001 2520 sie
1013 2467 1175 2537 interpretari
1186 2485 1255 2523 eom-

89 2553 196 2608 nediua
208 2554 282 2618 ίίοοί,
293 2557 324 2606 ut
333 2551 418 2623 χώρας
429 2553 607 2619 subandiatur,
619 2552 692 2623 μέχρι
700 2552 785 2623 χώρας
797 2554 839 2618 τῆς
851 2548 901 2602 ἔσω
912 2550 1040 2622 subripie,
1052 2567 1119 2622 quse
1130 2554 1195 2607 eitra
1204 2554 1255 2608 (ia-

91 2639 137 2692 dee
149 2640 223 2710 regio
235 2639 277 2693 sit.

161 2722 377 2794 ’λλαβοοτρίνηνλ
392 2723 455 2795 Lug.
463 2721 657 2794 Ἀλαβαοτρῖτιν.
675 2723 727 2777 Sed
737 2723 785 2776 nbi
794 2727 921 2775 terrerum
932 2719 985 2774 ista'
994 2723 1127 2792 prorinois
1137 2724 1180 2788 sit,
1191 2723 1256 2778 mihi

89 2809 210 2863 nondum
221 2811 286 2863 satis
297 2811 465 2880 expliestnm.
486 2809 517 2864 In
529 2810 618 2880 Syria,
628 2810 670 2862 rel
683 2809 794 2862 finitimo
805 2808 893 2876 alique
905 2806 938 2858 ad
950 2805 1081 2860 Orientem
1091 2813 1175 2862 tractu
1185 2809 1255 2879 pesi-

90 2900 147 2948 tam
159 2911 218 2948 ease
229 2895 408 2949 demonsnent
419 2895 555 2948 ediunetae
566 2895 686 2964 regiones
697 2898 822 2947 uestem.
846 2889 927 2960 'Atqui
937 2891 1085 2946 Ptolemaeo
1097 2890 1255 2965 ’λλοβάοτρο

90 2979 209 3050 temti
219 2980 280 3034 nrbs
291 2986 342 3046 eet,
359 2985 385 3033 et
395 2979 575 3034 Alabastrinus
587 2979 615 3032 in
626 2977 717 3032 eadem
728 2978 848 3048 Aegypto
859 2993 944 3031 muns.
977 2975 1043 3030 Ptin.
1054 2977 1099 3032 lib.
1109 2997 1133 3031 s.
1149 2993 1207 3049 esp.
1217 2997 1254 3035 n.

90 3066 136 3116 Ab
146 3069 183 3116 a'a's
196 3067 294 3134 oppido
308 3065 446 3128 Mermsria',
464 3066 635 3130 Alabastrea',
653 3063 758 3118 Comes.
781 3063 879 3116 Verum
896 3067 973 3114 extra
986 3061 1052 3116 fines
1063 3065 1189 3134 Aegypti,
1205 3063 1256 3120 hoe

91 3157 134 3202 eet
141 3151 211 3204 nitra
219 3149 424 3204 Rhinooornram
429 3149 594 3203 Aiebaeuitis
603 3147 742 3219 Epiphanii
751 3148 828 3202 debet
836 3163 903 3212 assa,
911 3163 995 3218 neque
1003 3153 1092 3202 tamen
1100 3148 1255 3220 inPhrygie,

90 3235 138 3289 nbi
149 3235 268 3290 eiusdem
279 3235 393 3289 nominis
405 3235 528 3305 oppidum
544 3235 654 3288 collocat
670 3233 830 3304 Stephanus,
847 3233 995 3302 ibidemque
1007 3232 1074 3285 λίθον
1086 3233 1205 3306 διάσημον
1216 3253 1255 3290 re-

90 3321 173 3392 periri
187 3321 288 3387 aeribit,
305 3320 354 3374 boe
371 3325 412 3374 eat
423 3321 606 3375 Alabastriten.
640 3318 725 3382 Quare
740 3320 853 3389 amplius
871 3319 902 3372 de
917 3335 949 3372 ee
961 3319 1069 3389 regione
1080 3321 1253 3391 cogitandum.

91 3405 170 3478 Apud
182 3405 292 3460 eundem
303 3404 465 3475 Stephanum
476 3406 580 3459 invenio
590 3403 750 3474 ’λλοβοιίροον
759 3403 830 3464 πόλις
840 3403 928 3474 Συρίας
939 3421 974 3457 ex
983 3401 1106 3471 Charace,
1116 3405 1255 3460 emone-

92 3493 180 3546 nicee.
215 3490 295 3544 onius
310 3507 343 3543 ar
356 3489 483 3544 affinitate
494 3491 566 3544 renis
578 3491 636 3544 ride
648 3506 682 3544 an
694 3489 727 3542 ad
738 3488 807 3542 hune
818 3487 957 3558 Epiphanii
967 3489 1054 3544 loaum
1065 3491 1255 3546 emendandum

92 3575 242 3646 compendii
252 3575 350 3644 aliquid
361 3575 445 3645 possit
454 3575 519 3628 tisri.

161 3660 209 3714 liei
218 3659 354 3731 Ὀμηρῖνιν
367 3659 407 3712 κοιλ
418 3657 568 3730 Ἀξωμῖτιν.]
585 3661 776 3714 Homeritarum
788 3659 859 3728 regio
871 3659 899 3713 in
911 3658 1047 3731 Aethiopis
1057 3667 1177 3716 causetur
1187 3662 1256 3734 apud

92 3746 185 3818 steph.
204 3745 271 3802 Piin.
284 3746 370 3802 libri.
383 3761 440 3816 cap.
450 3751 546 3801 xxrsnt
555 3747 623 3800 inter
631 3747 741 3800 Arabiae
749 3744 860 3816 populos
869 3745 1015 3799 homeritae
1026 3754 1155 3813 recenset,
1166 3763 1197 3802 ae
1207 3765 1256 3802 nu·

91 3833 286 3887 morosissimoa
297 3849 356 3886 esee
367 3832 464 3886 scribit
487 3831 594 3886 Ptolem.
606 3833 693 3886 iocum
703 3832 756 3884 iliis
766 3831 794 3884 in
802 3831 899 3885 Arabia
906 3831 992 3885 Felice
1000 3833 1103 3898 tribuit,
1114 3833 1255 3904 etquidem

92 3920 121 3972 in
133 3919 226 3972 intimo
237 3933 355 3982 reeeasn,
366 3916 436 3970 bend
444 3917 533 3988 prorui
542 3918 576 3970 eb
585 3917 687 3970 Arabici
697 3916 757 3970 iseti
766 3915 900 3982 faucibus,
912 3917 1007 3986 quibus
1019 3933 1078 3972 eum
1090 3917 1177 3972 Rubro
1189 3919 1255 3974 mari

93 4003 274 4058 committitur,
309 4001 363 4056 Nee
379 4001 500 4056 abherret
516 4001 670 4071 Procopius,
688 4001 732 4070 qui
749 4001 794 4055 lib.
804 4019 823 4055 1.
842 4001 873 4054 de
889 4000 963 4056 Βοίίο
974 4001 1078 4056 Persioo
1094 4017 1155 4073 pag.
1165 4003 1208 4059 ui.
1225 4006 1254 4058 in

93 4089 187 4142 eodem
199 4095 282 4141 traete
294 4088 369 4157 ponit
378 4086 533 4140 Homeritas.
553 4085 653 4150 Quibus
665 4087 797 4156 oppositos
809 4103 867 4139 esee
877 4092 967 4140 nansi
976 4087 1003 4140 in
1015 4087 1097 4140 attera
1107 4089 1255 4144 continente

93 4181 169 4228 mes
177 4171 430 4242 iretnmhetbiopss,
442 4171 488 4241 qui
493 4169 649 4224 heremitae
657 4176 790 4226 venantur.
804 4169 945 4243 Ὁμηριτῶν
954 4171 980 4224 δὲ
992 4173 1136 4244 καταντικρὺ
1148 4172 1255 4244 μάλιστα

94 4257 119 4312 is
129 4263 161 4330 τῇ
170 4255 297 4327 ἀντιπέρας
304 4253 397 4327 ἠπείρῳ
406 4254 515 4317 Αἰθίοπος
527 4253 642 4324 οἰκοῦσιν,
654 4256 678 4306 οἳ
687 4255 826 4326 Αὐξωμῖται
835 4257 978 4328 καλοῦνται,
990 4255 1027 4311 ὅτι
1039 4257 1069 4325 δὴ
1078 4258 1161 4321 αὐτοῖς
1169 4260 1200 4314 τὰ
1211 4260 1254 4331 βι-

94 4339 174 4396 emit
182 4339 245 4394 ίοτιν
254 4339 403 4412 ίνλίξοίιμιδι
412 4340 490 4394 πόλει.
501 4339 579 4396 Vides
589 4341 657 4410 spud
662 4339 817 4410 Procopium
822 4343 977 4398 Anxemitas
986 4343 1019 4397 ab
1027 4344 1165 4399 demeritis
1173 4347 1253 4418 loage

93 4427 387 4492 monumemtum,
398 4441 451 4480 uon
462 4443 508 4496 pro
517 4425 609 4478 iisdem
618 4431 770 4495 usurpatos,
781 4433 812 4479 ut
821 4429 940 4482 nonnulii
951 4429 1117 4499 seripserunt
1135 4431 1173 4484 Δο
1184 4433 1254 4502 quod

93 4515 128 4570 ad
139 4513 288 4570 Homeritas
299 4511 405 4577 attinet,
417 4511 448 4564 de
461 4509 576 4564 Arabicis
587 4511 644 4564 istis
656 4511 820 4581 eeeipiendus
832 4520 872 4566 eat
881 4513 1047 4583 Epiphanius.
1078 4513 1129 4568 Sed
1144 4516 1172 4569 in
1183 4519 1254 4572 Axe·

91 4601 186 4656 midde
196 4599 243 4657 rix
253 4603 295 4654 est
305 4599 379 4656 stab
394 4611 479 4653 emere
490 4596 574 4668 possit
588 4598 718 4653 eremari.
749 4595 818 4652 Nam
829 4595 956 4667 Ἀξωμῑτις
971 4599 1040 4665 sire,
1052 4600 1213 4668 Auranitis,
1224 4609 1254 4656 nt
