3126 5046
517 567 561 622 AD
578 565 751 622 nauscam
766 563 856 631 LXV„
876 563 977 620 Psutt
993 564 1218 622 canestrum

353 669 385 724 N.
396 689 415 725 r.
438 667 481 722 Ἐν
492 667 591 741 ἡμέραις
603 669 776 740 lippiturum]
809 667 937 724 imovero
954 667 1003 722 sub
1017 667 1135 724 Gallieno
1151 675 1212 739 post
1222 667 1380 722 Dememlani
1393 669 1446 722 obi·

285 760 351 810 tum.
368 755 495 810 Eusebius
507 755 551 810 lib.
561 774 607 810 νιν.
618 755 713 810 Hister.
727 771 783 826 cap.
792 771 857 808 xm.
875 753 1001 826 Imposuit
1011 753 1155 826 Epiphanio
1168 753 1238 824 qaod
1247 754 1299 808 suh
1310 753 1447 808 Aureliano

286 841 424 896 damnatus
436 847 463 894 et
473 842 623 912 episcopatu
635 841 748 894 deiectus
761 846 812 905 cst3
827 839 944 910 adeoque
954 840 1088 894 Aureliani
1100 839 1215 905 decreto,
1228 839 1297 911 qnod
1308 837 1448 894 Christiani

287 927 415 982 antistites
427 927 604 997 impetrarunt.
628 925 680 979 Sed
692 928 868 996 episcopatum
880 925 980 996 aliquot
991 925 1066 980 anuis
1078 931 1138 979 ante
1150 929 1261 996 ceperat.

355 1011 405 1078 Τὴν
418 1009 506 1081 αῖρεοω
523 1015 566 1063 τοῦ
579 1009 751 1081 Ἀρτέμωνος]
785 1012 905 1066 Meminit
920 1011 1048 1064 Eusebius
1064 1011 1143 1066 libs,
1161 1025 1308 1082 capum.
1343 1009 1448 1082 Niceph.

287 1098 332 1152 lib.
341 1115 375 1151 ιν.
388 1113 443 1168 cap.
453 1115 496 1150 xx.
519 1095 584 1150 Vide
596 1097 664 1166 Aug.
677 1098 705 1150 iu
716 1095 817 1150 haeresi
828 1095 1020 1151 Paulianorum.

353 1179 448 1252 “neree
461 1179 544 1252 ἀμέλει
556 1181 596 1232 eei
609 1178 622 1232 δ
636 1180 790 1251 hedibiae]
819 1181 913 1236 Novati
924 1199 1019 1236 nemen
1030 1197 1166 1253 perperam
1177 1181 1288 1252 irrepsit.
1319 1180 1388 1235 Nam
1397 1179 1449 1234 No·

286 1267 397 1332 sotiani,
409 1267 479 1338 quod
490 1267 632 1321 trinitatem
645 1268 750 1332 attinet,
760 1265 826 1322 nihil
837 1283 853 1320 a
864 1266 997 1322 catholicis
1009 1267 1201 1332 dissenserunt,
1218 1273 1248 1320 ut
1264 1267 1292 1321 iu
1303 1266 1449 1322 Annalibus

288 1354 376 1408 docuit
386 1351 480 1408 Batou.
493 1370 516 1408 a.
526 1351 583 1406 265.

346 1437 385 1494 N.
398 1455 425 1492 ιι.
450 1435 549 1506 Τᾶληδῆ
562 1437 602 1506 bi,
615 1436 652 1490 δτι
664 1437 719 1492 οὔτε
731 1437 881 1508 περιτομήν]
917 1437 1022 1492 Frustra
1038 1437 1119 1508 igitur
1135 1439 1163 1490 in
1179 1439 1234 1492 aius
1252 1435 1355 1492 haeresi
1365 1436 1449 1492 Phila·

288 1525 366 1578 strias
379 1525 600 1578 circumcisionem
612 1525 685 1578 illum
698 1524 816 1578 docuisse
828 1522 977 1588 coufirmat,
994 1523 1063 1593 qnod
1078 1539 1163 1594 neque
1174 1523 1351 1593 Δομετίου,
1366 1537 1451 1593 aequa

288 1609 411 1680 synodica
427 1609 472 1662 illa
489 1609 643 1663 Antiocheui
660 1611 773 1675 concilii,
791 1609 860 1680 quod
877 1608 1000 1662 adversus
1020 1608 1131 1662 eundem
1151 1609 1310 1662 celebratum
1330 1615 1384 1672 est,
1401 1623 1450 1662 nec

288 1696 354 1750 alius
367 1695 503 1766 qnisquam
515 1695 635 1766 prodidit.

355 1779 387 1836 N.
401 1798 435 1834 ιν.
459 1777 503 1841 Ὧς
515 1778 542 1832 δὲ
555 1778 577 1832 oi
589 1775 661 1832 ἄλλοι
673 1777 790 1848 διδόναι]
818 1779 956 1834 Paululum
968 1776 1070 1834 diuersa
1081 1785 1143 1834 sunt
1153 1785 1271 1834 veterum
1281 1780 1451 1849 interpretum

288 1867 381 1932 rerba,
399 1881 466 1937 quae
483 1866 510 1918 iu
527 1866 604 1918 variis
623 1865 767 1919 bibliorum
785 1865 938 1920 lectionibus
955 1863 1169 1919 circunieruntnr.
1202 1863 1270 1918 Nam
1290 1879 1325 1918 ex
1342 1864 1451 1934 Aquilae

290 1951 400 2006 editione
418 1949 455 2004 ita
471 1952 626 2021 concipitur:
644 1948 692 2002 ἀπὸ
706 1952 798 2023 μήτρας
810 1949 1001 2022 ἐξωρθρνομένοο
1013 1969 1051 2003 σοι
1064 1950 1151 2022 δρόσος
1168 1949 1326 2016 perattentos
1343 1967 1397 2000 ocu.
1429 1947 1451 2002 Ε

290 2035 445 2106 Symmacho
457 2051 530 2090 vero:
548 2033 581 2096 ὡς
594 2034 648 2087 κατ’
662 2030 748 2106 ὄρθρον
761 2054 800 2088 σοι
812 2036 899 2106 δρόσος
912 2034 927 2102 ἡ
939 2037 1022 2102 νεότης
1034 2053 1087 2088 σου.
1121 2035 1162 2088 Ex
1178 2036 1270 2105 quinta
1285 2034 1408 2105 deniquae
1425 2032 1451 2085 ix

290 2121 383 2192 μήτρας
394 2117 433 2171 ἐπὶ
445 2115 533 2191 ὄρθρου
546 2139 585 2172 σοι
597 2121 685 2191 δρόσος
697 2119 712 2187 ἡ
725 2123 807 2187 νεότης
820 2139 873 2176 σου.
896 2139 950 2174 unx
961 2121 994 2174 ad
1005 2137 1111 2176 sensum
1122 2121 1222 2191 potios,
1237 2135 1318 2190 quam
1330 2120 1363 2172 ad
1373 2121 1452 2173 verba

289 2211 467 2277 respexerunt.
502 2205 585 2270 Quam
602 2213 689 2260 autem
700 2207 786 2260 retiae
803 2212 858 2260 tam
874 2212 1022 2261 nostrornm
1039 2222 1119 2277 qnam
1134 2205 1295 2260 Rabinornm
1312 2204 1408 2260 siutde
1420 2221 1450 2260 eo

113 2307 114 2310 ’
188 2333 210 2374 ,Ι
220 2321 264 2365 m
289 2293 346 2345 loco
358 2292 564 2458 seutentiaegex
578 2293 683 2346 illorum
696 2293 886 2346 commentariis
898 2298 1013 2363 repetere
1024 2293 1092 2368 licet.
1125 2292 1242 2346 Hebraea
1252 2292 1290 2344 ita
1301 2290 1381 2345 hodie
1391 2307 1451 2344 eon·

290 2386 419 2456 cipiantur
437 2389 507 2470 'pm
532 2355 610 2458 ibn
629 2358 674 2470 ’,Β
696 2391 804 2448 ’ῆι-νυνι
824 2389 926 2448 nrm
943 2385 993 2439 hoc
1011 2392 1061 2452 est,
1083 2403 1116 2439 ex
1137 2391 1224 2450 utero,
1244 2391 1304 2438 aute
1323 2401 1451 2450 auroram,

289 2479 342 2544 uel,
361 2479 394 2533 ab
407 2495 511 2544 aurora,
526 2479 574 2533 tibi
585 2497 628 2533 ros
641 2479 782 2533 nativitatis
794 2486 862 2533 tuae.
897 2497 948 2533 cxx
960 2481 1081 2550 legerunt
1096 2449 1215 2564 ''pin'thi
1232 2484 1310 2548 penui
1320 2489 1352 2535 te.
1386 2479 1450 2533 ilinc

290 2565 357 2635 apud
369 2563 543 2636 Epiphaniam
554 2583 600 2637 pro
613 2563 732 2638 ἶελεδέχεδ
744 2566 854 2619 fortasse
866 2565 1076 2620 substituendum
1088 2571 1127 2619 est
1139 2563 1271 2635 ἰελεδόδεχς
1286 2569 1317 2618 nt
1327 2565 1357 2620 in
1367 2563 1451 2618 Hexa-

289 2651 339 2720 plia
352 2649 498 2722 Octaplisve
510 2651 585 2706 colon
595 2651 659 2704 illud
671 2652 892 2723 repraesentabat,
904 2651 931 2704 in
943 2667 994 2721 quo
1004 2651 1132 2704 Hebraico
1141 2649 1248 2704 Graecis
1260 2649 1451 2704 characteribus

290 2736 384 2806 scripta
395 2737 555 2806 legebantur.
573 2735 628 2792 Iam
640 2737 704 2790 illud
716 2735 812 2789 λοκτόιλ
820 2735 980 2807 Epiphanius
993 2738 1069 2790 vertit
1080 2735 1120 2787 sel
1132 2735 1179 2805 πρὶν
1189 2738 1231 2802 τῆς
1243 2735 1335 2806 δρόσον
1348 2733 1449 2788 παιδίον.

290 2829 360 2894 Quae
372 2833 434 2883 sunt
445 2830 495 2884 duo
508 2847 537 2884 ac
550 2831 652 2885 diversa
660 2833 730 2886 vocis
743 2830 858 2884 eiusdem
868 2831 1034 2900 glossemata.
1063 2801 1113 2902 bn
1126 2845 1211 2882 rorem
1222 2827 1364 2899 significat.
1390 2799 1449 2898 *hb

288 2924 330 2976 uel
341 2893 429 2996 'ibim
442 2924 483 2977 rel
495 2897 582 2996 Nih&
595 2943 702 2996 puerum
715 2931 741 2980 et
752 2925 890 2988 infantem,
908 2925 952 2978 sed
965 2923 1114 2988 chaldaice,
1131 2939 1184 2977 uon
1198 2921 1333 2976 Hebraico.
1369 2921 1450 2986 Quare

289 3007 354 3064 nihil
365 3009 398 3063 ad
409 3007 477 3062 hunc
488 3010 573 3064 locum
585 3013 711 3080 posterior
722 3011 773 3064 ista
784 3011 855 3066 notio
867 3005 985 3082 pertinet.

356 3092 387 3148 N.
400 3111 424 3146 r.
447 3093 524 3156 iliius
537 3093 559 3148 δ’
572 3091 600 3147 ἄν
612 3113 653 3156 τις·
667 3093 775 3164 ἔδειξας]
809 3095 924 3165 Angelos
937 3101 997 3150 ants
1009 3095 1099 3149 mnudi
1110 3095 1315 3166 procreationem
1328 3109 1345 3147 a
1356 3093 1404 3148 deo
1415 3093 1449 3146 ia·

290 3183 345 3232 ctos
355 3194 413 3232 esse
422 3179 537 3250 plerique
546 3186 663 3234 veterum
671 3187 787 3252 patrum,
799 3182 949 3252 praesertim
960 3179 1130 3245 Graecorum,
1140 3181 1256 3234 arbitrati
1267 3185 1341 3246 enut3
1354 3181 1451 3234 etinter

290 3269 406 3318 caeteros
420 3263 560 3336 Gregorius
572 3265 751 3320 Nazianzenus
768 3265 836 3320 Orat.
849 3285 959 3320 murm
995 3265 1079 3330 Quam
1095 3266 1249 3320 sententiam
1263 3263 1383 3336 theologi
1398 3264 1449 3336 qui·

291 3347 351 3403 dam
362 3351 538 3414 temerariam,
554 3357 580 3403 et
597 3349 645 3404 hoc
662 3358 777 3422 tempore
794 3353 873 3404 etiam
883 3350 1040 3406 haercticam
1051 3353 1221 3422 pronunciare
1232 3367 1286 3404 uun
1297 3355 1361 3404 suut
1372 3349 1449 3404 ueriti.

291 3433 322 3488 In
345 3435 437 3504 quibus
460 3435 623 3506 prudentiam
646 3453 676 3490 ac
699 3437 902 3492 moderationem
922 3437 1015 3490 merito
1036 3437 1166 3490 desiderat
1183 3435 1301 3505 vasquez
1321 3436 1350 3488 iu
1367 3453 1378 3489 t
1393 3434 1446 3487 Par.

290 3519 354 3590 disp.
368 3518 437 3573 2¹24:
455 3521 500 3574 ubi
512 3522 670 3575 validissime
683 3521 842 3576 demonstrat
854 3539 901 3576 nec
913 3521 1006 3575 erroris
1019 3521 1192 3575 damnandam
1202 3521 1274 3574 illam
1287 3537 1357 3586 esse,
1369 3535 1449 3590 neque

289 3605 323 3659 ab
340 3605 449 3660 ecclesia
465 3607 601 3672 reiectam
619 3609 723 3662 temetsi
740 3609 818 3678 louge
835 3608 869 3660 sit
886 3607 967 3660 alteru
983 3607 1150 3678 probabilior,
1167 3623 1234 3676 quae
1251 3607 1359 3678 angelos
1373 3609 1450 3674 negat

290 3696 351 3746 anto
363 3691 428 3744 coeli
439 3693 595 3746 creationem
608 3709 664 3746 esee
675 3693 827 3764 productos,
844 3693 912 3763 qnod
924 3691 1083 3764 Epiphanius
1096 3693 1266 3763 amplectitur.

358 3773 507 3843 Ἀποοτελῆς
520 3774 579 3847 γὰρ,
593 3777 670 3848 poci]
704 3778 786 3832 Nimis
804 3779 886 3832 otiose
903 3778 988 3832 locum
1005 3777 1074 3832 huno
1086 3793 1099 3830 a
1111 3777 1214 3832 Psalmo
1230 3777 1284 3830 147.
1298 3777 1332 3830 ad
1344 3775 1382 3830 dei
1393 3791 1448 3828 rer·

290 3863 354 3916 bum
364 3861 459 3916 retulit.
481 3861 511 3916 ln
523 3879 574 3932 quo
586 3879 752 3933 nequaquam
764 3863 905 3917 audiendus
918 3869 965 3916 est.

357 3946 389 4003 N.
401 3965 457 4002 vm.
481 3946 546 4001 Οὐδὲ
558 3948 727 4016 ταυτοοόσιος,
743 3945 800 3999 ἀλλ’
813 3946 964 4017 drausione]
998 3947 1111 4002 Difficile
1128 3953 1169 4002 ast
1185 3947 1343 4000 ταοτοοόοιον
1358 3943 1447 4002 Lemo

292 4032 328 4086 sic
340 4034 496 4104 exprimere,
513 4039 542 4088 nt
559 4033 592 4086 ab
608 4050 638 4087 eo
651 4033 720 4103 quod
732 4039 772 4086 est
783 4032 915 4103 όμοοόοιον
927 4033 1082 4103 distinguas.
1117 4033 1255 4104 Significat
1266 4039 1352 4090 numm
1364 4047 1447 4085 amen·

291 4117 354 4172 tiam
370 4134 400 4173 ac
416 4119 587 4174 substantiam
603 4119 640 4172 ita
654 4118 758 4188 pauitus
774 4119 895 4183 eandem,
913 4123 943 4172 ut
958 4135 991 4172 ue
1008 4135 1177 4190 personarum
1193 4119 1299 4189 quidem
1316 4117 1447 4172 discrimm

293 4202 419 4258 admittat.

557 4390 603 4444 so
620 4389 771 4446 escuem
786 4390 887 4458 cxvi,
905 4363 1185 4448 cotoneorum

359 4505 392 4559 N.
403 4524 420 4560 1.
444 4507 720 4578 intromittentes]
745 4509 901 4564 veteranum
919 4512 1017 4566 bouem
1033 4513 1159 4582 appellat,
1175 4510 1226 4566 boc
1236 4517 1284 4566 -est
1298 4512 1343 4583 qni
1357 4507 1446 4564 militia

295 4590 430 4646 defunctus
441 4592 585 4662 legitimam
596 4595 746 4648 missionem
758 4595 929 4666 impetrasset.
