3126 5046
1117 314 1274 374 ccum

109 464 226 520 mande
235 464 298 522 fidei
307 463 421 522 dormale
436 465 465 522 in
481 465 573 522 eodem
583 466 721 522 siniensi
737 467 832 540 oppido
850 469 884 522 ab
901 466 1021 536 Urssclo,
1033 469 1142 526 Veiente
1159 469 1273 544 Osi'oque
1332 527 1335 535 ,

108 550 237 622 prodiret,
253 567 321 622 quae
332 557 393 622 post
402 553 547 621 relegatum
558 552 695 618 Hilarium,
711 569 760 607 nec
774 553 854 624 louge
871 560 931 610 snte
942 555 1072 625 synodum
1083 557 1273 614 Ariminensem

108 635 180 690 emta
191 643 239 703 est,
251 643 280 692 ut
290 653 325 690 ex
336 637 426 692 ecdem
435 637 532 692 llilsrio
544 643 659 704 constat;
670 653 754 709 usque
762 643 849 710 potest
857 655 926 694 enno
936 656 1051 698 cccnvrr.
1061 641 1203 698 Sirmienae
1212 660 1273 700 con·
1297 681 1319 722 1„
1328 670 1373 712 ets

108 721 201 776 cilium
212 723 352 777 ullomodo
363 737 515 791 congruere.

177 805 315 862 Neminem
325 809 494 864 rmusdmimi
504 809 598 865 erroris
610 809 674 864 odeo
686 814 805 868 tenscem
816 811 872 866 lore
884 811 999 880 confido,
1017 812 1062 882 qui
1077 829 1131 866 non
1145 818 1185 868 tot
1196 829 1273 886 ergu-

106 893 206 948 mentn's
218 893 351 948 conuictus
362 899 466 948 uosuse
477 895 516 949 illi
526 911 580 950 uon
592 895 708 966 opinioni
722 901 767 950 aut
783 897 959 962 coniecturae,
975 897 1021 950 sed
1037 899 1195 954 certissimus
1207 903 1273 955 reri·

106 979 157 1032 ssu
173 977 339 1050 suffragetur,
356 979 473 1050 cdeoque
490 979 654 1034 vehementer
671 981 848 1052 obstupescat,
865 983 964 1036 nemini
981 981 1105 1038 hactenus
1121 987 1273 1042 mortalium

106 1069 164 1118 tam
175 1064 318 1120 immmens
327 1063 452 1120 historice
463 1066 550 1120 lsbsm
564 1066 592 1121 in
604 1072 677 1120 tants
688 1066 863 1122 doctrinarum
879 1069 996 1122 omnium
1011 1069 1069 1122 luce
1086 1075 1210 1140 tantaque
1227 1087 1273 1126 sn·

105 1149 209 1204 uallum
225 1156 254 1204 et
268 1147 448 1204 chronicorum
464 1151 541 1223 copis
556 1153 597 1206 rel
613 1151 744 1209 levissime
761 1153 915 1209 suboluisse.
939 1154 976 1208 do
993 1155 1089 1208 nostris
1107 1155 1212 1226 quidem
1229 1173 1272 1211 ac·

106 1235 205 1288 curatis
216 1240 294 1306 atque
305 1234 412 1290 eruditis
422 1234 571 1292 bominibus
583 1237 668 1292 dende
678 1238 756 1292 renis
772 1243 823 1304 est,
841 1239 887 1308 qui
898 1238 1026 1305 Socratis,
1044 1239 1183 1296 Soromeni
1193 1247 1272 1312 atque

105 1320 276 1391 antiquorum
286 1321 399 1391 vestigis
414 1323 497 1378 secuti
512 1328 586 1388 sunt,
603 1323 661 1376 illos
679 1323 750 1394 ipsos
768 1323 862 1378 erroris
879 1331 983 1380 autores
1000 1341 1031 1378 ac
1049 1325 1127 1380 duces
1144 1343 1271 1382 excusare

102 1423 161 1460 non
172 1421 293 1476 mesum,
311 1407 355 1477 qui
373 1407 516 1462 utiliorum
527 1414 673 1479 temporum
684 1409 821 1462 viciniores
833 1414 917 1476 erant,
936 1410 973 1464 sic
986 1409 1020 1464 ed
1031 1426 1122 1466 eorum
1134 1413 1271 1483 exploren-

23 1507 31 1528 ·
105 1491 170 1546 dem
180 1489 316 1546 historiam
326 1491 503 1546 instructiores
514 1509 572 1548 esse
584 1493 735 1548 debuerunt.

174 1576 348 1648 Posteaquam
358 1575 552 1634 firmamentum
563 1579 648 1649 ipsum
659 1577 741 1632 lelscs
753 1579 908 1634 amotionis
926 1586 952 1634 ct
968 1587 1047 1652 ceput
1061 1582 1215 1648 evertimus,
1231 1600 1270 1637 re-

104 1663 188 1732 lique,
200 1660 336 1732 queehnic
346 1662 439 1718 innixa
450 1664 537 1718 minus
548 1661 646 1718 habent
655 1663 793 1730 momenti,
805 1665 898 1719 erroris
910 1683 963 1720 non
975 1667 1062 1720 minus
1074 1673 1166 1737 suopte
1178 1674 1269 1738 sponte

102 1748 190 1802 irscte
199 1747 382 1818 infirmamque
394 1747 537 1803 concident
560 1748 697 1804 Eiusmodi
709 1755 749 1804 est
760 1749 830 1820 qnod
841 1751 872 1804 de
884 1751 1037 1821 Ancyrsuae
1049 1753 1142 1822 synodi
1153 1758 1269 1824 tempore

103 1833 236 1900 delinitur,
247 1834 275 1888 in
287 1833 399 1888 eundem
410 1851 508 1888 mnnm
519 1833 641 1888 incidisse
653 1851 704 1905 qno
716 1833 841 1890 Photinus
853 1836 881 1889 in
893 1836 1029 1890 Sirmiensi
1041 1838 1149 1891 concilio
1162 1839 1269 1892 demna-

103 1925 150 1972 tus
161 1925 209 1984 est,
220 1935 314 1990 nempe
326 1935 395 1974 suno
408 1934 524 1974 coccum.
559 1919 633 1984 Quod
644 1937 697 1974 non
708 1921 786 1974 modo
797 1920 893 1974 laisum
905 1927 952 1987 est,
964 1922 1026 1992 quin
1037 1923 1116 1992 longe
1128 1929 1187 1976 ante
1199 1922 1270 1978 hunc

102 2021 205 2058 sunum
215 2003 385 2060 Sirmieneem
395 2005 468 2058 illum
479 2005 609 2076 synodum
619 2005 775 2060 celebratam
791 2007 870 2076 pcnlo
885 2012 945 2062 ente
962 2007 1110 2074 docuimus,
1127 2009 1268 2064 sedetiam

102 2088 176 2160 qnod
187 2091 238 2144 etsi
248 2089 298 2144 boc
308 2090 366 2162 ipso
378 2106 447 2144 enno
458 2097 563 2162 perscta
573 2091 620 2157 eit,
635 2107 689 2144 non
702 2097 788 2162 potest
798 2093 826 2146 in
837 2092 949 2146 eundem
959 2093 1112 2162 Ancyrsnns
1126 2101 1267 2148 conventus

101 2175 242 2230 incarrere.
253 2175 301 2229 llic
309 2176 379 2230 enim
388 2183 447 2230 rute
456 2176 553 2247 perche
562 2177 706 2232 celebretur
715 2183 766 2242 est3
778 2176 847 2230 unde
859 2183 885 2231 et
895 2179 1012 2248 plerique
1024 2179 1058 2232 ob
1066 2177 1179 2232 hiemem
1189 2181 1268 2234 inter·

101 2261 172 2314 elusi
181 2261 210 2315 in
218 2260 350 2330 Synodion
357 2260 474 2333 Epistola
484 2261 613 2316 dicuntur.
629 2261 688 2316 lion
699 2263 784 2334 potuit
794 2263 874 2334 igitur
886 2263 976 2318 eodem
988 2281 1057 2318 auno
1067 2263 1217 2320 sirmiensis
1225 2283 1268 2336 sy·

101 2345 189 2400 nodus
200 2346 269 2411 lieri,
286 2347 338 2402 nisi
354 2347 525 2418 posteriorem
541 2346 609 2402 hanc
622 2348 704 2402 luisse
716 2350 792 2414 velis,
810 2349 880 2419 quod
895 2350 975 2418 longe
987 2357 1027 2402 est
1038 2351 1267 2417 absurdissimum

101 2433 230 2504 quonism
238 2431 272 2486 sd
280 2432 485 2504 oppugnandum
493 2432 662 2488 sirmiensem
669 2435 894 2500 illemlormnlsm,
904 2451 982 2506 qnam
993 2435 1021 2488 in
1033 2436 1143 2490 concilio
1155 2439 1267 2492 conscri-

101 2525 177 2588 ptam
189 2518 349 2583 existiment,
360 2517 499 2587 Ancyreum
510 2524 550 2572 est
561 2519 676 2589 synodus
688 2521 802 2574 collecte.
820 2519 967 2590 Quinetim
978 2525 1118 2590 postquem
1129 2521 1194 2574 hesc
1205 2522 1267 2576 fidoi

100 2603 231 2674 prolessio
243 2604 321 2658 elisis
332 2603 427 2658 Sirmio
443 2609 495 2669 est,
512 2603 631 2658 nonnihil
648 2610 708 2658 ente
724 2605 863 2658 concilium
875 2605 1042 2674 Ancyreum
1053 2607 1176 2674 temporis
1187 2607 1266 2660 inter-

101 2689 190 2742 cessit.
223 2688 292 2744 llam
302 2689 415 2744 Hilarius
426 2689 471 2746 lib.
483 2689 514 2744 de
526 2689 639 2760 synodis
649 2705 711 2760 pag.
720 2689 778 2744 329.
790 2689 963 2744 occidentales
979 2691 1113 2760 episcopos
1128 2691 1265 2756 cohsudst,

101 2773 173 2844 quod
191 2777 293 2828 muas
308 2777 346 2828 ud
360 2793 414 2830 sese
430 2794 461 2828 ee
470 2775 605 2830 &ructensi
615 2777 708 2844 oppido
719 2777 899 2846 infideliefidee'
909 2779 1062 2844 impietatem
1074 2793 1122 2827 nors
1133 2777 1204 2829 modo
1217 2795 1266 2830 uon

100 2864 279 2930 eumepimeut,
289 2862 335 2915 sed
345 2865 491 2914 omniorum
503 2865 579 2914 eunus
588 2863 806 2929 eian’ficutcmqne
815 2862 984 2914 damnassent.
1004 2858 1060 2924 Quo
1072 2876 1132 2914 cum
1144 2861 1264 2932 exemplo

100 2943 194 2998 scribit
202 2945 328 3000 excitatos
337 2945 475 2998 orientales
484 2946 619 3017 episcopos
628 2945 656 2998 in
663 2945 799 3014 Ancyrano
808 2945 917 2998 concilio
927 2945 1125 3013 irreliqicsomm
1135 2947 1265 3000 eudociae

100 3031 252 3101 quibusdum
266 3035 445 3084 renuntiarunt
458 3049 561 3084 murum
574 3033 684 3084 decretio
699 3033 893 3086 contenderi-ese.
927 3030 1040 3084 Necesse
1057 3037 1098 3084 est
1113 3032 1200 3102 iisque
1216 3033 1265 3086 sli-

100 3122 202 3187 qnanto
212 3116 440 3187 postpublicstsm
449 3115 618 3170 sirmiensem
630 3111 720 3168 ἔκθεσιν
732 3116 988 3188 spetiohncyrsncm
1000 3116 1122 3171 uBssilio
1134 3117 1264 3187 synodum

100 3218 161 3257 esse
173 3199 321 3255 conticium.
344 3200 411 3264 Quid
423 3201 492 3272 quod
505 3200 581 3256 Ocius
592 3202 662 3272 ipss,
675 3218 691 3254 s
703 3218 754 3272 quo
766 3202 875 3256 eandem
886 3203 959 3256 illum
971 3203 1112 3272 prolectam
1123 3202 1264 3258 formulam

99 3293 179 3342 sutor
187 3287 356 3352 euthimius,
368 3302 467 3340 uncum
477 3287 608 3358 integrum
617 3286 830 3342 Sirmiiretsntns
842 3293 888 3354 est,
900 3289 1052 3358 priusqusm
1063 3289 1096 3342 ed
1108 3305 1262 3344 consensum

98 3373 268 3443 adigeretur?
295 3369 381 3435 Quare
392 3388 452 3426 cum
462 3389 516 3426 non
527 3373 578 3426 nisi
589 3379 650 3444 post
659 3371 763 3426 lunium
775 3389 891 3428 mensem
903 3374 966 3426 anni
978 3389 1082 3428 cocum.
1095 3373 1264 3430 Constantius

98 3459 192 3514 Sirmii
201 3473 258 3512 esse
266 3457 387 3528 potnerit,
400 3473 559 3528 consequeus
570 3463 610 3512 est
618 3473 687 3512 enno
696 3463 829 3528 sequente,
841 3458 931 3512 eodem
940 3459 1041 3512 circiter
1050 3465 1174 3531 tempore,
1185 3462 1265 3516 istum

97 3546 135 3598 ab
147 3543 211 3598 Orio
222 3541 412 3614 professionem
422 3543 531 3598 Arianos
543 3544 692 3598 extorsisse.
716 3544 794 3613 lltqui
806 3543 851 3596 diu
862 3548 934 3608 anm,
946 3545 1069 3598 nimirum
1081 3546 1131 3599 sub
1142 3546 1264 3616 paschnle

98 3636 219 3700 tempus,
236 3628 355 3698 Ancyrae
371 3645 514 3684 convenere
532 3629 694 3684 semiariani.
716 3629 794 3684 Vides
812 3633 924 3698 quantus
936 3630 971 3683 sit
981 3629 1050 3700 epud
1061 3631 1121 3684 illos
1132 3633 1262 3686 redonum

97 3716 167 3769 inter
179 3729 239 3768 sese
249 3715 428 3786 sermonisque
439 3713 583 3770 condictus.
617 3713 671 3769 Sed
688 3732 722 3770 ex
739 3715 784 3780 iis,
802 3730 868 3784 qnae
882 3731 962 3785 supro
972 3716 1166 3783 constituimus,
1184 3733 1263 3788 qnae·

98 3817 150 3871 que
167 3799 249 3872 poulo
266 3805 327 3872 poet
342 3799 478 3855 numnis
494 3805 566 3866 sunt,
584 3807 691 3872 apparet
708 3800 779 3854 aliud
795 3801 949 3869 homenes
966 3799 1066 3870 synodo
1084 3807 1187 3872 tempus
1204 3818 1263 3856 esse

97 3886 276 3941 tribuendum.

168 3971 223 4026 Nec
234 3973 322 4026 minue
333 3970 402 4042 quod
413 3971 452 4024 illi
462 3977 517 4026 tem
528 3972 621 4026 acriter
629 3976 748 4042 pugnent
755 3971 870 4026 indidem
880 3971 1014 4036 refellitur,
1026 3969 1157 4026 hiberiam
1166 3988 1263 4043 popam

97 4057 181 4129 priori
192 4057 232 4112 illi
241 4056 303 4110 lidei
313 4057 469 4128 professioni
479 4057 676 4128 subscripsisse,
694 4073 760 4126 ques
777 4058 804 4111 in
816 4055 952 4111 Sirmiensi
963 4056 1064 4126 synodo
1075 4063 1166 4111 contra
1176 4056 1263 4112 Photl·
1288 4104 1310 4146 μ
1318 4093 1363 4137 m

97 4159 165 4198 num
177 4144 331 4196 estensem
366 4139 467 4212 Quippe
478 4142 578 4212 aliquot
589 4142 664 4196 eunie
676 4158 729 4195 non
740 4142 836 4196 hiberii
846 4142 923 4196 modo
935 4143 1138 4208 restitutionem,
1150 4143 1197 4196 sed
1207 4145 1263 4198 eri·

97 4229 167 4282 llum
178 4227 266 4298 ipsum
274 4225 429 4282 Photinisna
438 4227 570 4282 damnatio
580 4228 727 4297 prcecsssit.
743 4227 976 4294 FeceritLiberius,
989 4245 1078 4294 necne,
1091 4228 1161 4299 quod
1169 4228 1262 4284 fecisse

96 4313 219 4385 plerique
229 4318 345 4366 veterum
358 4317 471 4384 petrum,
489 4319 519 4366 ut
529 4311 698 4378 Athanasius,
714 4313 887 4383 Hieronymus
899 4315 995 4383 aliique
1006 4315 1184 4380 consentiunt,
1197 4313 1263 4370 nihil

96 4398 134 4453 sd
144 4398 291 4452 institutum
303 4397 505 4468 disputationem
516 4398 615 4452 attinet.
634 4398 737 4452 Etenim
746 4397 804 4454 fleri
814 4405 907 4469 potest,
919 4404 949 4452 nt
959 4415 1018 4454 cunr
1029 4398 1145 4465 Ursncio,
1155 4400 1262 4455 Valente

96 4499 133 4538 ae
143 4483 252 4554 reliquis
263 4483 366 4538 Arianis
378 4483 608 4538 communicaverit
618 4483 722 4553 quidem
733 4489 759 4537 et
770 4483 941 4538 Athanasium
953 4484 1124 4552 demusrerit,
1141 4486 1187 4540 sed
1201 4485 1263 4538 hne-

95 4567 197 4624 retlcsc
207 4570 329 4642 pennu
338 4583 505 4642 nequsqusm
515 4567 708 4642 subscripserit,
723 4567 847 4626 haeretici
856 4585 916 4626 rero
931 4569 1011 4626 etiem
1021 4572 1215 4642 comprobatum
1227 4569 1261 4625 sb
