3138 5044
305 339 442 402 imru

303 501 384 572 gelio,
401 515 486 570 neque
504 515 563 552 cum
580 499 757 570 superioribus
775 497 922 554 cohaerent
956 498 1025 553 Nam
1040 497 1169 554 Herodem
1185 497 1256 572 iugit
1270 499 1400 556 duntaxat
1411 507 1467 573 post

302 587 407 640 loannis
420 601 524 652 necem,
542 599 609 654 quae
621 584 699 655 longe
711 591 772 656 post
783 585 943 655 baptismum
955 584 1055 639 accidit.
1081 585 1146 640 Vide
1158 601 1225 656 quae
1242 585 1276 640 ad
1293 603 1366 643 num.
1377 605 1467 644 xxrur.

302 673 481 726 observamus.

368 757 401 812 N.
414 773 468 813 xrs.
493 755 524 809 Ὀ
536 755 563 808 di
575 753 688 822 Ἰωάννης
698 756 738 808 rai
749 754 793 823 τὴν
805 755 937 826 πρόθεσιν]
961 755 1019 809 Eor.
1031 755 1094 808 eard
1106 755 1149 824 τὴν
1161 757 1282 828 πρόθεσιν.

368 841 400 897 Ν.
414 860 479 898 1111.
503 841 674 912 liurqqopoiur
687 840 713 893 δὲ
727 839 821 909 adira]
857 840 965 895 Nullum
982 845 1023 894 est
1038 842 1065 894 in
1082 841 1123 894 his
1139 841 1212 896 libris
1229 843 1467 914 argumentum,in

301 943 353 998 quo
365 926 500 980 tractando
512 928 571 997 plus
584 943 677 998 operae
690 942 720 979 ac
733 926 812 1000 studii
823 927 926 980 navarit
936 925 1111 997 Epiphanius,
1128 941 1207 998 quum
1222 929 1250 982 iu
1266 945 1299 984 ea
1309 931 1467 1000 quaestione,

301 1029 354 1082 qua
370 1013 494 1066 dominici
510 1013 604 1066 naulis
623 1017 649 1065 et
664 1012 793 1082 passionis
810 1027 894 1066 annus
911 1011 1057 1082 inquiritur.
1081 1013 1132 1066 Sed
1149 1030 1197 1067 uec
1211 1013 1345 1068 obscurior
1357 1029 1468 1084 usquam

300 1099 373 1152 locus
386 1104 437 1162 est,
450 1097 533 1150 autin
546 1114 597 1166 quo
609 1098 695 1150 minus
708 1099 843 1168 interpreti
853 1099 1019 1168 tergiuersari
1030 1113 1061 1150 ac
1072 1097 1236 1153 dissimulare
1246 1100 1331 1154 hosat.
1355 1099 1468 1154 Tantum

301 1184 387 1248 abest,
404 1183 472 1236 utin
483 1199 515 1235 eo
527 1182 680 1236 declarando
692 1199 725 1236 ne
737 1184 771 1236 sit
782 1183 886 1252 longior
896 1183 980 1237 vereri
992 1183 1096 1248 debeat,
1112 1189 1159 1238 aut
1173 1184 1294 1238 instituta
1307 1201 1336 1239 se
1347 1192 1469 1240 notarum
1563 1241 1564 1254 ,

301 1275 327 1322 et
339 1267 594 1322 animadversionum
606 1268 731 1320 breuitate
740 1268 885 1322 defendere.
903 1271 988 1339 Atque
1000 1285 1031 1321 ea
1042 1282 1105 1322 sane
1114 1271 1232 1339 quaestio
1245 1285 1304 1323 cunr
1316 1287 1370 1324 uun
1381 1271 1468 1324 minus

300 1354 349 1408 hac
361 1359 528 1424 tempestate,
542 1369 620 1422 quam
631 1353 724 1423 priscis
735 1353 787 1406 illis
798 1354 972 1426 temporibus,
984 1353 1097 1407 eruditos
1111 1360 1242 1420 exerceat,
1258 1371 1288 1409 eo
1301 1355 1415 1427 denique
1426 1355 1468 1410 ad·
1563 1387 1564 1412 l

301 1440 379 1494 ducta
394 1456 436 1492 res
454 1445 493 1492 est
510 1445 540 1491 ut
551 1438 596 1508 qui
607 1439 738 1491 inscitiam
749 1455 825 1492 suam
837 1440 951 1509 ingenue
962 1438 1049 1492 iussus
1061 1438 1153 1506 inerit,
1170 1441 1350 1510 pudentiorem
1367 1442 1468 1495 exitum

215 1549 217 1552 ·
300 1531 420 1596 quaerat,
439 1539 518 1594 quam
535 1524 558 1575 si
574 1524 637 1576 certi
653 1523 751 1592 aliquid
767 1529 793 1577 et
808 1525 938 1594 explorati
952 1531 1040 1577 tenere
1052 1541 1080 1577 se
1092 1541 1170 1595 posse
1182 1525 1301 1580 confidat
1324 1525 1359 1580 Ut
1370 1528 1469 1580 anima

299 1611 482 1666 vetustioribus
494 1609 598 1662 initium
609 1615 739 1679 repetam,
751 1610 809 1679 quis
822 1615 963 1679 antequam
975 1609 1094 1678 Dionysii
1104 1611 1220 1681 vulgaris
1231 1611 1277 1664 illa
1288 1611 1354 1665 ratic
1366 1627 1468 1682 percre-
1563 1669 1564 1672 ,

223 1728 229 1740 -
267 1732 272 1744 .
298 1696 411 1762 buiseet,
422 1696 451 1748 in
463 1699 561 1748 certam
573 1711 604 1746 ao
616 1695 785 1747 constitutam
796 1695 952 1748 sententiam
963 1693 1061 1748 includi
1071 1711 1101 1748 se
1112 1711 1205 1766 passm
1217 1701 1274 1750 esti
1293 1695 1420 1766 Longum
1430 1703 1469 1752 eat
1563 1723 1564 1728 ν

298 1788 325 1835 et
335 1783 448 1836 otiosum
459 1787 577 1834 ueterum
588 1780 695 1835 Petrum
707 1780 842 1850 opiniones
855 1793 945 1832 omnes
957 1780 1091 1849 persequi3
1108 1779 1185 1851 idque
1201 1782 1235 1834 sb
1253 1782 1310 1835 aliis
1327 1781 1469 1853 diligenter

298 1867 460 1931 estfactum,
477 1865 630 1936 praesertim
641 1881 657 1917 a
668 1863 779 1918 Deierio
790 1871 880 1918 nostro
891 1868 929 1934 τῷ
942 1863 1062 1934 μακαρίτῃ
1086 1870 1111 1918 et
1127 1864 1225 1918 Ioanne
1240 1865 1350 1936 Kaplero
1366 1867 1468 1922 metha·

299 1953 395 2006 matico
418 1952 446 2004 iu
464 1951 564 2004 erudita
580 1951 626 2002 illa
637 1949 817 2003 dissertatione
829 1949 861 2003 de
872 1949 948 2004 Anno
959 1948 1046 2002 Natali
1058 1955 1084 2002 et
1098 1950 1126 2004 in
1142 1949 1247 2020 EulogIs
1260 1950 1468 2024 Chronolcgicis,

299 2045 329 2090 ut
340 2044 366 2090 et
377 2037 408 2090 de
420 2035 591 2090 Illustriasimi
601 2033 707 2088 Beronii
718 2035 862 2088 Annahbus
879 2051 910 2088 ac
928 2035 1036 2088 caeteris
1048 2033 1251 2106 chronographie
1263 2041 1372 2091 mosam.
1399 2037 1468 2102 Quo·

298 2139 357 2176 ruru
373 2122 491 2174 omnium
506 2125 568 2190 post
588 2124 642 2172 tam
664 2119 821 2188 exquisitam
839 2125 866 2172 et
882 2125 1003 2173 exactam
1021 2135 1126 2190 operam
1148 2135 1368 2190 supervacaneum
1386 2122 1470 2176 rideri

297 2213 412 2277 poterat,
428 2205 532 2258 anobis
544 2219 575 2256 ea
586 2204 714 2274 disputari
725 2203 917 2270 vehementius,
935 2219 1002 2275 quae
1019 2205 1098 2258 anxie
1110 2205 1207 2258 abillis
1219 2211 1281 2260 sunt
1292 2213 1468 2279 accurateque

298 2292 428 2356 dhoussa,
445 2290 497 2343 nisi
513 2306 562 2343 nos
580 2288 613 2342 ad
628 2289 656 2341 id
667 2290 747 2342 etiam
757 2290 853 2343 invitos
864 2287 1025 2360 Epiphanius
1037 2291 1092 2360 ipse
1105 2306 1135 2342 ao
1147 2291 1262 2362 suscepti
1272 2293 1391 2347 muneris
1403 2293 1468 2347 tides

296 2377 449 2447 impelleret.
473 2374 529 2428 Erit
540 2380 627 2428 autam
638 2373 698 2427 huie
710 2375 815 2428 conatui
826 2375 960 2445 laborique
971 2379 1061 2428 nostro
1077 2374 1161 2428 lucilia
1178 2375 1265 2442 lector,
1283 2378 1307 2430 sl
1322 2377 1372 2431 hcc
1391 2395 1409 2431 a
1425 2395 1468 2432 ute

296 2467 442 2532 spectatum
456 2461 602 2530 agnouerit,
621 2465 651 2512 ut
664 2458 793 2512 infinitam
807 2477 887 2531 prope
905 2459 1107 2514 controuersiam
1123 2461 1290 2532 omniumque
1307 2463 1406 2519 iudicio
1419 2464 1468 2518 dii-
1563 2489 1564 2518 ν

296 2545 439 2600 ticillimam
453 2561 537 2616 neque
549 2545 653 2598 breuius
666 2561 745 2614 quam
761 2561 802 2598 res
818 2551 893 2598 tanta
908 2544 1034 2614 disputari
1048 2546 1145 2616 possit,
1161 2561 1247 2616 neque
1262 2547 1368 2618 longius
1386 2565 1468 2620 quam
1563 2557 1564 2612 l

295 2647 402 2687 necesse
418 2633 465 2696 sit,
483 2647 587 2684 summa
597 2646 657 2684 vero
670 2647 730 2684 curn
741 2629 878 2696 facilitate,
895 2630 1088 2700 complecterer,
1100 2637 1127 2684 et
1138 2647 1182 2696 ea,
1196 2647 1262 2701 quae
1273 2633 1307 2686 ab
1318 2633 1468 2706 ingeniosis

296 2717 429 2788 doctisque
440 2717 503 2770 riris
516 2715 547 2769 de
560 2731 591 2768 ea
602 2732 630 2768 re
642 2715 749 2769 solerter
760 2716 908 2786 excogitata
920 2720 993 2780 sunt,
1009 2716 1159 2770 emersione
1170 2717 1260 2786 aliqua
1270 2723 1362 2772 nostre
1372 2737 1468 2774 cumu-

294 2804 349 2856 lata
359 2802 508 2873 proterrem.
532 2801 618 2865 Quare
629 2800 725 2872 duplex
738 2802 787 2854 erit
797 2800 846 2854 boc
857 2801 914 2854 loco
926 2799 1082 2870 disputanda
1097 2802 1227 2872 quaestio:
1245 2803 1327 2858 alters
1343 2803 1376 2858 de
1395 2821 1468 2860 sano

295 2889 353 2958 ipso
364 2904 417 2958 quo
429 2893 506 2941 natus
519 2892 558 2940 eet
570 2885 702 2953 Christus,
714 2887 796 2940 altera
807 2885 839 2940 de
850 2902 881 2940 eo
893 2901 945 2956 quo
957 2901 1051 2957 passus
1064 2893 1111 2940 est.
1563 2889 1564 2892 ’

485 3073 538 3141 DE
563 3075 675 3140 ANNO
701 3074 855 3141 NATALI
880 3075 1043 3142 CHRISTI
1066 3075 1274 3143 DIATRIBA.

364 3227 413 3292 Qui
430 3227 544 3280 natalem
556 3225 651 3280 Christi
668 3226 804 3280 saluatoris
821 3243 920 3281 aunum
933 3228 977 3281 uia
993 3243 1024 3280 sc
1040 3228 1140 3282 ratione
1155 3229 1280 3299 indagare
1292 3229 1380 3284 conati
1392 3237 1468 3297 sunt,

294 3313 403 3384 triplicis
414 3311 530 3366 maxime
541 3312 665 3381 temporie
677 3312 804 3366 rationem
820 3309 978 3376 habuerunt,
996 3311 1174 3366 Rornanorum
1190 3329 1269 3379 cosa,
1285 3315 1403 3383 Augusti
1414 3315 1468 3369 lm·

294 3404 376 3468 perat.
395 3403 421 3450 et
440 3395 548 3451 Herodis
569 3412 705 3450 annorum
733 3397 853 3452 Totidem
870 3394 940 3451 uictis
962 3412 993 3450 au
1015 3398 1086 3451 uelut
1101 3399 1249 3468 insignibus
1265 3399 1384 3469 positum
1402 3415 1421 3454 a
1437 3418 1468 3455 aa

295 3499 395 3536 annum
406 3482 544 3536 illustrarit
554 3480 727 3552 Epiphanius,
744 3488 770 3536 et
786 3484 813 3536 iu
832 3482 974 3536 ordinanda
988 3483 1154 3552 potissimum
1165 3484 1232 3536 serie
1243 3499 1310 3537 coss.
1321 3481 1396 3537 haud
1407 3488 1468 3540 ral-

294 3584 385 3638 garem
397 3567 558 3636 diligentiam
574 3565 698 3621 adhibuit.
732 3567 812 3622 Cuius
829 3584 878 3621 nos
894 3568 1005 3637 uestigia
1020 3573 1181 3638 prementes,
1198 3567 1225 3620 id
1240 3568 1309 3638 quod
1325 3568 1468 3626 architecti

292 3653 379 3708 iacere
395 3654 491 3717 schot,
509 3657 537 3704 ut
553 3657 695 3722 antequam
710 3641 846 3706 aedificent
862 3653 912 3706 soli
923 3653 1005 3724 ipsius
1017 3653 1058 3706 rel
1069 3652 1233 3706 fundamenti
1243 3653 1405 3709 soliditatem
1419 3673 1468 3710 ex·

292 3739 407 3809 plorent,
419 3739 457 3790 ita
466 3755 514 3791 uos
525 3739 708 3792 consulatuum
720 3739 838 3808 ipsorum
847 3737 964 3791 ordinem
975 3738 1121 3808 senemque
1129 3737 1357 3812 perscrutabimur.
1388 3739 1467 3806 Quae

293 3825 398 3894 quidem
409 3822 531 3878 historiae
543 3839 604 3894 pars
615 3839 676 3878 cum
687 3824 803 3878 maxima
813 3824 842 3876 in
853 3824 1010 3878 obscuritate
1027 3829 1054 3876 et
1069 3823 1251 3876 dissidentium
1266 3823 1334 3877 inter
1350 3841 1381 3878 ee
1398 3828 1467 3881 scri-

292 3915 397 3978 ptorum
408 3909 532 3963 rmietats
544 3909 629 3979 posita
640 3909 686 3974 eit,
694 3926 743 3962 nos
753 3909 936 3962 consulatuum
944 3907 1044 3978 aliquot
1054 3907 1198 3962 indiculum
1208 3908 1404 3965 subiicieudum
1416 3929 1466 3983 pu·

292 3996 417 4060 tammus,
429 3995 518 4065 paucis
531 3993 563 4046 ad
574 3995 633 4046 illos
645 3993 786 4060 adiunctis,
799 3995 843 4063 qui
855 3994 882 4046 in
893 3992 1032 4064 Epiphanii
1042 3993 1166 4046 laterculo
1178 3992 1300 4064 descripti
1311 4000 1390 4060 aunt3
1403 4013 1466 4067 pru·

293 4083 381 4146 pterea
392 4079 461 4150 quod
473 4097 527 4134 non
538 4095 628 4132 omnes
639 4077 731 4132 iisdem
744 4079 838 4148 quibua
849 4079 892 4132 ille
904 4095 971 4133 coss.
983 4083 1075 4131 natum
1087 4093 1144 4132 ease
1155 4076 1286 4132 Christum
1295 4079 1466 4139 existimant.

293 4159 326 4214 Et
336 4169 366 4216 ut
376 4165 404 4216 in
415 4181 481 4218 coss.
491 4163 637 4236 digerendis
646 4164 757 4216 varietas
766 4179 833 4232 quae
842 4163 877 4216 sit
886 4164 967 4217 lector
977 4163 1119 4234 intelligat,
1136 4163 1231 4234 triplici
1241 4162 1286 4218 iilo
1301 4165 1466 4221 laterculum

293 4247 434 4304 texuimus.
457 4249 545 4302 Prima
556 4251 635 4303 serim
647 4265 713 4302 cosa.
724 4246 804 4302 habat
814 4265 848 4301 ex
861 4247 1012 4318 Capitolinis
1023 4247 1109 4302 Fastis
1122 4255 1271 4318 excerptos,
1282 4249 1465 4306 cuiusmodia
1563 4265 1564 4288 ³

293 4329 403 4401 Sigonio
411 4339 438 4386 et
447 4333 553 4390 Onuirio
562 4335 590 4389 iu
599 4334 684 4388 Eastis
697 4331 859 4398 exhibentur,
876 4335 958 4388 altera
969 4349 1004 4387 ex
1011 4333 1163 4405 Epiphanii,
1178 4335 1255 4388 tertie
1269 4348 1304 4390 ex
1317 4332 1465 4392 Fastorum

293 4414 454 4488 Siculorum,
466 4420 521 4474 sire
532 4419 700 4474 Alexandrini
712 4417 845 4483 Chronici‚
857 4419 1004 4509 autoritate.
