3138 5044
100 487 253 542 neomeniee
265 489 370 543 luneres
381 488 409 542 in
422 504 458 542 rx.
467 487 527 543 lulli
538 493 566 544 et
574 507 621 546 eu.
631 488 734 544 Octobr.
745 487 909 555 incidissent,
927 505 995 561 queo
1006 495 1047 544 est
1057 489 1207 563 Olympicus
1218 509 1262 562 pe·

100 573 165 626 riodi
173 578 249 627 retus
261 571 372 646 epoche,
384 591 419 628 cx
428 572 530 645 Oulippi
540 575 696 646 preeseriptc
709 575 845 646 periodum
858 581 1029 630 retexuerunt
1043 593 1190 648 novemque
1202 589 1262 632 cou-

99 657 221 712 dlderunt
231 659 265 714 eb
277 675 346 714 enno
358 659 403 713 illo
414 659 515 730 periodi
525 659 573 715 lul.
584 659 669 726 4402,
680 661 754 715 cuius
766 660 893 733 epecbem
902 660 1042 718 vmilctbr.
1055 661 1096 715 dis
1106 661 1261 718 defixerunt.

99 742 185 808 Quere
192 744 349 800 lleeedoues
358 745 561 816 Hyperbereteei
568 750 624 800 tem
632 746 764 818 populeris
774 762 853 817 quem
865 747 964 801 lunaris
974 747 1140 801 neomeniem
1151 767 1196 804 mr.
1206 749 1262 806 oet.

98 828 263 884 iuehoemnt
280 831 344 884 Ideo
355 832 451 883 solam
463 835 527 884 enee·
535 831 829 903 Syroseccedom'cifiets
839 837 867 886 ιἰι
880 833 995 887 Octobris
1003 849 1038 889 vr.
1050 836 1155 898 inciditf
1168 851 1262 888 comre-

99 933 144 985 poe
161 933 246 968 neme
257 917 395 987 populos-te
410 933 537 986 ιιιιιιᾳιιιιιιι
553 917 671 987 tespites
686 919 867 974 commedat.
891 919 961 973 ldeec
973 917 1092 990 Scaliger
1102 919 1144 990 (de
1155 919 1262 974 Emend.

99 1001 190 1072 Temp.
200 1017 244 1066 ru,
255 1017 281 1071 p.
290 1001 331 1055 ei.
343 1001 377 1054 ci.
388 1015 413 1066 r,
424 1017 450 1072 p.
459 999 540 1071 ddi),
552 1003 598 1073 qui
609 1003 746 1074 entiquum
756 1003 821 1057 illud
832 1019 911 1058 suum
921 1005 1043 1058 obtinens
1054 1005 1071 1058 1.
1080 1021 1105 1057 v.
1116 1003 1166 1058 boc
1175 1006 1263 1076 ipsum

98 1086 198 1140 evertit
230 1085 327 1140 Scribit
337 1087 407 1140 enim
418 1087 540 1140 uitium
551 1088 644 1142 soleris
656 1089 720 1142 enni
730 1088 960 1159 ilpromecedonici
971 1087 1040 1144 diem
1050 1089 1132 1144 icisse
1144 1090 1262 1146 Octobris

97 1189 157 1236 rm,
175 1187 207 1225 eo
222 1171 294 1242 quod
305 1171 528 1243 Hyperbercteeus
539 1173 723 1228 Macedonicus
733 1175 761 1228 in
773 1175 867 1228 nielli
878 1175 1019 1232 incidisset.
1041 1176 1133 1247 lisque
1149 1177 1262 1248 primum

99 1257 262 1312 novilunium
274 1255 393 1312 Octobris
404 1277 461 1316 rur.
474 1260 601 1330 congruit
635 1259 687 1314 Sed
701 1261 820 1331 imperite
835 1260 921 1314 iecere
933 1262 1053 1327 lndeeos,
1070 1263 1117 1332 qui
1132 1279 1201 1316 suno
1216 1261 1262 1316 illo
1287 1293 1308 1332 p.
1319 1282 1363 1324 ιιι.

99 1359 116 1396 e
130 1341 320 1396 Macedonibus
336 1348 442 1414 eccepto
457 1344 571 1416 primum
586 1345 748 1400 novilunium
765 1351 844 1416 atquc
862 1347 925 1400 enni
941 1347 982 1400 sui
999 1347 1142 1418 aequabilis
1158 1348 1263 1402 initium

99 1428 156 1499 ipso
169 1428 212 1482 die
223 1445 279 1484 vm.
290 1427 408 1482 Octobris
420 1429 587 1484 constituent
604 1429 682 1484 Vides
695 1447 774 1502 quern
785 1433 909 1502 perplexe
920 1432 948 1485 in
960 1431 1009 1485 hec
1020 1431 1137 1486 decenno
1144 1439 1263 1487 versetur

99 1513 228 1585 Sceliger,
244 1519 325 1584 utque
339 1514 367 1567 in
379 1513 474 1568 eodem
482 1532 558 1586 opere
570 1531 637 1586 qnae
647 1517 726 1587 paulo
738 1523 798 1570 ente
810 1516 946 1570 definierat
956 1518 1091 1570 contrariis
1102 1517 1211 1572 decretis
1222 1535 1261 1572 re-

98 1599 180 1653 ieilet
204 1597 272 1653 lium
283 1601 361 1654 medo
372 1601 524 1653 neomeniae
535 1601 679 1671 eequebilis
691 1606 718 1654 et
727 1601 861 1672 populeris
872 1601 936 1654 enni
946 1608 1059 1655 veterem
1070 1602 1098 1655 in
1109 1604 1189 1657 situm
1201 1621 1262 1658 con·

98 1685 215 1751 cilietes,
230 1683 280 1738 boc
296 1690 338 1738 est
351 1700 369 1737 e
378 1701 406 1740 x.
415 1685 475 1739 Iulli
486 1685 519 1738 sd
530 1703 581 1750 rx,
598 1691 626 1739 et
636 1688 670 1740 eb
682 1703 737 1741 vrrr.
751 1687 784 1740 ed
796 1705 841 1742 vn.
852 1686 907 1740 Oct.
918 1687 1051 1744 traductus
1063 1689 1168 1754 asserit,
1183 1689 1260 1742 modo

98 1770 192 1824 iisdem
202 1770 231 1824 in
242 1769 332 1824 diebus
348 1770 456 1836 retinet,
473 1785 503 1824 ec
519 1785 608 1824 secum
624 1770 787 1826 disconvenit
802 1771 891 1825 ordine
906 1777 968 1826 toto.
1003 1772 1077 1836 Quod
1090 1773 1194 1842 quidem
1203 1779 1260 1828 toto

99 1855 148 1910 boe
159 1857 188 1910 in
201 1871 289 1927 opere,
305 1862 332 1910 et
342 1857 370 1910 lu
382 1856 451 1927 leeg.
460 1855 572 1921 (lencm,
584 1857 692 1910 solenne
702 1856 802 1911 homini
813 1873 844 1910 ec
854 1863 1007 1928 perpetuum
1018 1865 1069 1922 eet;
1080 1857 1159 1928 idque
1169 1875 1261 1930 prope-

98 1941 182 2007 diem,
200 1940 356 1995 sidomiuus
368 1941 478 2006 dederit,
495 1955 543 1995 suo
555 1957 587 1995 ec
597 1943 701 2012 proprio
712 1943 779 1997 libro
791 1942 1039 2008 demonstrabimus,
1057 1959 1135 2014 quem
1149 1944 1203 1996 iem
1215 1944 1261 1998 du-

98 2027 162 2080 dum
172 2027 201 2080 iu
212 2027 334 2081 menibus
345 2025 481 2080 lrebernm.
513 2026 600 2097 Atque
616 2025 671 2092 bic,
687 2028 726 2081 uti
741 2043 830 2099 spero,
846 2029 935 2082 lectori
947 2027 1025 2082 sidem
1038 2028 1129 2094 leniet,
1146 2045 1214 2099 quse
1229 2028 1262 2082 de

98 2111 218 2166 domine
227 2117 374 2183 temporum
390 2128 407 2165 e
423 2111 557 2183 Sceligero
574 2113 723 2188 excogitete
737 2117 863 2183 tentoque
878 2113 978 2167 embitu
993 2129 1024 2167 ec
1040 2130 1137 2185 pompe
1153 2130 1214 2168 cnm
1227 2115 1260 2168 eb

97 2199 156 2269 ipso
167 2197 362 2264 commendete,
376 2203 434 2252 tum
449 2197 582 2252 lentorum
597 2203 625 2252 et
639 2198 826 2252 edmirmorum
837 2199 894 2253 eius
905 2199 1000 2270 plausu
1012 2205 1123 2270 excepte
1139 2207 1212 2265 sunt,
1229 2217 1262 2252 ee

97 2283 178 2348 ielse,
194 2283 296 2355 inepte,
314 2279 453 2353 ἀλογίστως
470 2291 497 2338 et
513 2280 693 2345 ἀναποδείκτως
706 2283 794 2354 ιοιίιιιιι
811 2299 881 2350 esee,
901 2301 986 2362 neque
1002 2286 1143 2356 quiequam
1159 2289 1262 2356 praeter

99 2370 215 2440 speciem
226 2375 253 2422 et
264 2369 463 2422 ostentetionem
471 2367 574 2422 bebere.
592 2369 753 2440 Argumento
765 2370 801 2424 sit
808 2370 894 2424 Attice
903 2370 950 2424 ills
960 2371 1093 2441 periodus,
1106 2387 1185 2442 quem
1197 2371 1260 2425 edeo

99 2455 214 2526 gloriose
225 2457 253 2508 et
262 2455 405 2508 insolenter
414 2452 543 2520 venditet,
558 2455 633 2508 cuius
644 2471 694 2510 nos
704 2455 829 2526 ineptiam
840 2463 867 2510 et
876 2454 1065 2527 nepelopopbv
1076 2455 1222 2510 deteximus
1232 2458 1261 2510 iu

98 2541 168 2594 notis
180 2539 214 2594 ed
225 2537 405 2594 Themistinm.
438 2537 550 2610 Relique
564 2540 637 2612 operi
650 2541 689 2594 illl
704 2557 866 2595 reservemus
882 2541 910 2594 in
926 2557 978 2611 quo
995 2541 1063 2594 etde
1074 2541 1179 2596 Iudaico
1191 2557 1260 2595 enno

98 2625 219 2696 pluribus
231 2625 412 2697 disputabitur,
429 2631 455 2679 et
464 2625 510 2678 ille
522 2625 615 2680 ilreeei
625 2625 688 2680 enni
698 2625 783 2680 iorme
794 2641 825 2678 sc
836 2626 935 2697 periodi
946 2626 1113 2696 Olympiacae
1124 2627 1260 2696 descriptio

99 2711 239 2766 refelletur.
261 2711 342 2783 Atqui
355 2710 417 2765 iicte
432 2710 479 2764 illc
490 2711 626 2782 utriusque
636 2715 761 2764 contextu
771 2711 844 2764 velut
853 2709 1023 2765 uelamento
1035 2711 1121 2766 omnir
1132 2712 1164 2764 de
1174 2719 1260 2766 vetere

98 2813 168 2851 enno
177 2795 283 2850 induce
292 2795 409 2850 doctrine
417 2795 554 2850 stebilitur.
570 2795 638 2862 lion,
648 2797 764 2868 inquom,
775 2795 880 2850 sliunde
888 2795 1022 2866 Seeligero
1031 2801 1143 2860 consui,
1151 2796 1260 2850 Iudsecs

97 2882 198 2953 eliqnot
206 2879 406 2936 enteGbristum
414 2882 526 2936 moniis
535 2879 661 2952 epocbem
670 2881 732 2938 enni
741 2881 790 2946 sni,
798 2879 1019 2951 eireTeknpbenr,
1029 2881 1136 2937 Octvrr.
1145 2881 1260 2936 deiixem

97 2967 234 3033 babuisse,
252 2981 331 3038 quem
349 2967 418 3038 quod
432 2983 469 3021 ex
485 2967 584 3037 periodi
600 2965 715 3020 Greeeee
730 2966 863 3037 populeris
880 2981 911 3020 ec
923 2965 1108 3022 Mecedonicee
1124 2967 1260 3022 reticendo

99 3059 208 3123 quertus
221 3053 319 3106 meede
332 3053 465 3123 populeris
478 3052 506 3105 in
521 3051 597 3104 illum
608 3050 676 3104 diem
687 3051 812 3105 incideret
823 3068 853 3116 eo
865 3067 947 3118 enno,
959 3069 1011 3123 quo
1025 3052 1260 3124 Syronrecedonice

98 3137 220 3210 periodos
236 3143 277 3192 est
291 3137 419 3192 institute
453 3136 505 3191 Sed
522 3151 583 3190 cum
598 3135 681 3190 multe
692 3137 783 3191 sintin
794 3142 851 3191 tote
861 3135 910 3192 beo
922 3137 1049 3209 Sceiigeri
1060 3140 1182 3210 opinione
1199 3155 1260 3194 ccu-

98 3223 220 3289 intende,
236 3237 318 3293 euque
330 3237 372 3276 ree
388 3223 536 3293 longiorem
551 3237 582 3275 ee
598 3221 765 3293 prescipuem
775 3222 978 3294 disputetionem
994 3224 1084 3294 exiget
1098 3231 1136 3290 et,
1152 3231 1183 3278 nt
1196 3225 1260 3292 dixi,

98 3309 171 3363 breui
188 3313 359 3363 cormeeuture
374 3309 421 3378 sit,
436 3324 498 3374 noe,
514 3307 583 3380 qnod
597 3307 626 3361 in
642 3307 708 3361 libro
718 3308 764 3362 iilo
776 3308 1001 3373 demonstrebitor,
1017 3309 1111 3363 ielsm
1126 3325 1184 3366 esse
1197 3313 1261 3366 enni

97 3395 168 3448 illins
181 3393 276 3448 Gneci
285 3409 317 3447 eo
328 3393 489 3448 iieoedoniei
500 3398 657 3447 cunctorem
666 3393 853 3464 pertendimus.
879 3393 1012 3464 Negemus
1024 3403 1157 3462 constere,
1172 3402 1260 3451 uirum

98 3497 167 3534 enno
179 3479 572 3551 lioper.1o1.isct.populsris
581 3479 760 3549 eteequebilis
769 3478 1008 3550 Syromecedonum
1016 3482 1114 3535 mensis
1122 3482 1151 3535 in
1159 3501 1204 3536 rm
1214 3489 1260 3536 eut

97 3583 154 3622 vrrs.
161 3565 218 3620 Oct
227 3564 370 3619 incurrerit
384 3563 516 3634 Negemus
524 3569 660 3635 prseteree
667 3563 776 3619 ludeeos
784 3563 916 3620 cardinem
924 3566 998 3620 iilum
1007 3567 1070 3620 enni
1077 3568 1169 3621 soleris
1179 3583 1260 3638 egne-

97 3653 182 3718 risse,
194 3656 241 3704 ent
249 3651 278 3704 in
288 3665 321 3704 eo
332 3649 473 3704 coboeesse
484 3649 644 3722 Tekupbem.
664 3649 799 3722 Negemus
810 3667 910 3704 sunum
920 3651 989 3722 opud
1001 3651 1114 3706 Graecos
1124 3659 1171 3706 eut
1181 3653 1259 3723 Syro·

96 3735 254 3792 medones
264 3735 417 3807 populerem
429 3735 557 3790 eiusmodi
566 3735 660 3802 inisse,
672 3737 776 3807 quelem
788 3752 822 3790 ex
834 3735 940 3790 officine
950 3753 998 3790 sne
1008 3737 1127 3808 procudit
1135 3737 1260 3808 serigo.

97 3821 168 3876 Intro
176 3821 263 3892 mgis
272 3826 299 3876 et
309 3821 337 3874 in
345 3835 432 3876 urcem
439 3822 524 3892 ipsem
534 3822 692 3892 queestienis
703 3823 800 3876 inrolo.
817 3821 892 3892 Nego
903 3825 1002 3876 certum
1013 3837 1084 3886 esse,
1096 3839 1159 3876 num
1171 3821 1259 3876 ludeei

96 3905 376 3978 ilslippiceilleluneri
385 3905 760 3976 velSpromecedoniceiorme
768 3923 885 3978 unqnem
893 3907 933 3960 usi
942 3907 1044 3962 tuerint
1062 3907 1118 3972 Qun
1129 3908 1258 3962 lebeteoto
1326 3907 1327 3911 ’

96 4007 128 4046 ec
142 3992 263 4046 conieiso
274 3997 376 4046 csetere
385 4006 454 4063 quse
463 3992 526 4045 bulo
534 3992 681 4046 innituntur
689 3999 814 4046 corruent
823 4007 930 4046 neoeese
942 3999 989 4046 est
1012 3993 1115 4046 Etenim
1125 3993 1258 4048 undenum

96 4078 234 4148 &eligere
242 4083 404 4148 compertum
415 4077 572 4131 ertlndeeoe
580 4077 699 4131 innurem
707 4076 987 4148 (lelippiperiodumin
995 4078 1099 4132 civilem
1106 4095 1185 4132 usum
1194 4081 1258 4134 esci-

95 4165 186 4218 rissei
207 4163 307 4234 Opinon
322 4178 404 4217 ιιιιιιιι
415 4162 480 4217 iliud
491 4167 673 4232 srgurnentum
686 4169 739 4228 est,
755 4163 825 4234 quod
836 4164 912 4217 ennis
925 4163 1082 4217 Greeccrnm
1092 4170 1146 4218 tem
1157 4165 1258 4220 iiiecce·

96 4251 224 4304 beeorum
233 4249 305 4314 libri,
318 4263 397 4320 quem
405 4245 531 4319 ioeepbus
539 4245 842 4318 eereliquilndsioerum
849 4265 936 4303 rerum
947 4249 1085 4320 scriptores
1095 4251 1137 4303 usi
1147 4252 1208 4305 sint.
1224 4253 1259 4305 st

96 4336 157 4406 quis
169 4351 206 4389 ex
215 4346 247 4389 ec
255 4335 402 4390 neceenric
411 4333 519 4404 colliget
526 4333 588 4387 enni
597 4333 794 4404 dispositionem
805 4335 889 4404 ipeem
897 4334 1005 4388 ludmos
1014 4341 1170 4407 usurpesse?
1186 4337 1259 4390 Licet
1348 4354 1352 4364 ¹

95 4423 169 4476 nin
179 4437 270 4475 serem
280 4421 334 4475 sire
346 4419 472 4491 epochen
482 4419 568 4490 ipsern
579 4434 610 4472 eo
618 4419 737 4486 titulum,
748 4419 818 4474 unde
827 4420 920 4474 Greeci
928 4437 1056 4474 ennorum
1065 4437 1172 4476 suorum
1179 4424 1258 4493 prim·

96 4507 171 4560 ordis
188 4507 352 4577 repetobent,
369 4504 534 4561 edbibueriut
549 4505 650 4572 lodoci,
668 4521 729 4560 cum
746 4505 904 4560 Grsecorum
920 4523 962 4561 ree
977 4512 1078 4577 gestes,
1095 4509 1137 4562 rel
1152 4525 1258 4562 suorum

97 4605 158 4648 cum
171 4589 281 4648 Grseeie
290 4591 435 4663 implicetur
446 4591 648 4664 perscriberent,
662 4591 744 4648 nibilo
755 4599 843 4647 ternen
855 4593 949 4648 certius
961 4593 1048 4664 colligi
1060 4601 1145 4665 potest
1155 4595 1257 4647 illorum
