3138 5044
1197 346 1258 402 XOl

93 515 148 552 nou
161 499 253 569 quinto
266 514 281 552 a
292 499 449 552 correctione
461 513 543 564 auno,
559 503 589 552 ut
603 499 701 569 alioqui
711 498 828 554 iuturum
844 497 984 568 dicebatur,
1000 499 1046 554 sed
1056 517 1107 566 ru,
1125 500 1170 572 qui
1186 505 1257 555 ante·

93 585 198 638 cedenti
208 583 374 640 correctionis
385 595 454 638 anuo
465 585 650 657 respondebat,
665 601 712 638 ssu
727 589 788 655 post
801 586 871 639 tertii
887 586 949 640 anni
965 585 1113 650 circuitum,
1128 585 1215 640 Pansa
1232 591 1259 640 st

92 671 178 724 Hirtio
191 685 273 734 cosa,
289 669 421 724 observari
435 670 525 736 iussit,
539 671 640 740 reliqna
651 670 772 742 deinceps
786 677 848 741 post
859 688 894 724 ιι.
907 687 1036 742 quemque
1053 687 1151 725 annum
1162 672 1196 725 ab
1207 671 1258 726 hoc

93 755 189 826 primo.
218 754 371 826 Quanquam
388 756 545 821 sacerdotes,
562 771 642 826 penas
661 771 726 826 quos
742 755 912 812 intercalandi
929 771 991 810 oure
1007 763 1074 822 erat,
1091 773 1123 810 eo
1139 756 1258 822 fortasse,

93 839 167 911 quod
178 841 291 912 primum
303 841 435 895 bisextum
445 847 507 912 post
519 857 557 897 ιιι.
571 857 670 896 anuum
680 841 795 896 locatum
805 841 934 906 riderent,
947 858 1031 896 errore
1043 841 1113 896 ducti
1123 843 1260 914 sequentia

93 927 194 980 cimilia
203 931 265 998 post
274 929 379 983 tertium
391 943 520 998 quemque
531 931 700 998 usurparunt,
712 943 862 998 meumque
872 927 1019 981 Romanum
1030 945 1120 982 xxxrr.
1131 945 1260 983 annorum

93 1012 181 1082 spatio
192 1012 231 1065 ite
238 1011 424 1083 depravarunt,
435 1018 466 1067 ut
475 1029 522 1084 pro
530 1031 566 1067 rx.
579 1013 670 1066 diebus
681 1013 814 1067 duodenos
825 1013 1023 1084 interponerent.
1041 1011 1117 1077 Quod
1124 1016 1259 1084 Augustos

93 1103 126 1150 ut
136 1097 291 1168 corrigeret,
307 1102 333 1151 et
349 1103 401 1152 tros
417 1115 462 1152 eos
479 1098 533 1152 dies
549 1097 693 1170 superfluos
707 1103 849 1164 resecaret,
865 1117 912 1154 xrs.
924 1104 1062 1170 sequentes
1078 1101 1134 1154 sine
1145 1100 1261 1154 bisextill

92 1183 290 1238 intercalatione
306 1185 416 1254 transigi
432 1184 519 1250 iussit,
534 1183 563 1238 0.
573 1183 714 1238 Censorino
727 1189 753 1237 et
763 1184 854 1238 Asinio
868 1183 943 1240 osus
959 1183 1029 1238 coss'
1047 1185 1119 1239 liaeo
1132 1186 1159 1238 in
1171 1187 1259 1240 Anna·

93 1269 174 1322 libne.
198 1267 269 1332 Quae
285 1273 315 1322 ut
330 1270 412 1323 oculis
426 1270 490 1342 ipsis
503 1269 620 1324 subiecta
629 1271 707 1340 plane
718 1270 899 1341 percipiantur,
916 1269 1067 1324 laterculum
1075 1271 1185 1342 aliquot
1199 1287 1260 1326 con·

94 1355 232 1407 sulatnum
243 1353 372 1420 adtexuit,
387 1355 460 1408 initio
473 1355 549 1408 ducto
562 1356 595 1408 ab
607 1372 638 1408 so
650 1371 718 1409 anno
731 1371 783 1425 quo
795 1352 896 1410 Iuliana
906 1357 992 1427 coepit
1002 1355 1090 1411 editio.
1114 1355 1189 1420 Quod
1200 1373 1261 1411 cnm

94 1440 129 1492 ad
140 1455 246 1505 eorum,
263 1456 330 1510 quas
342 1439 462 1510 deinceps
474 1439 642 1511 proponenda
653 1446 726 1505 sunt,
743 1441 943 1510 intelligentiam
958 1457 1013 1494 non
1023 1441 1180 1496 mediocrem
1192 1443 1260 1496 utili·

93 1530 178 1578 tatem
189 1526 273 1596 possit
283 1525 387 1591 afferre,
398 1541 448 1580 nos
460 1526 570 1580 eundem
582 1526 656 1580 illum
666 1525 808 1579 indiculum
820 1527 1010 1592 exscribamus,
1027 1527 1073 1581 ubi
1089 1543 1156 1600 quae
1167 1529 1194 1580 in
1205 1543 1261 1581 rem

95 1610 289 1681 iaciuntpauca
298 1613 546 1682 praemonuerimus.
561 1611 700 1665 Sciendum
709 1612 778 1664 enim
788 1616 828 1664 est
835 1627 890 1664 non
898 1611 985 1665 solum
993 1611 1089 1665 bisexti
1098 1612 1188 1666 elulio
1197 1611 1261 1666 (iae-

96 1712 155 1748 sare
168 1697 418 1750 ordinatiretionsm
432 1697 598 1761 aetermam,
613 1697 659 1750 sed
676 1695 792 1774 eiusdem
809 1712 913 1766 quoque
928 1695 1152 1767 depravationem,
1169 1713 1200 1752 ao
1216 1715 1261 1768 po·
1287 1719 1308 1759 p.
1318 1709 1362 1748 iou
1437 1699 1440 1710 '

96 1787 194 1835 enemo
206 1783 388 1854 Augusteum
403 1783 475 1836 illam
486 1783 671 1836 correctionem
683 1787 710 1835 et
719 1781 936 1836 instaurationem
946 1783 1017 1834 varis
1028 1782 1168 1836 admodum
1179 1783 1262 1853 expli·
1410 1775 1413 1782 ’

96 1869 159 1920 cari.
184 1867 252 1920 Sunt
267 1869 337 1922 enim
353 1871 447 1940 quibua
464 1869 548 1938 placat
562 1867 657 1921 Iulium
669 1867 807 1921 Gaesarem
823 1883 892 1921 anuo
904 1866 1070 1921 Geniusionis
1085 1866 1149 1921 nihil
1159 1873 1261 1939 praeter

97 1953 195 2008 solidos
206 1969 310 2008 menses
322 1969 352 2007 ac
364 1955 418 2008 dies
430 1953 609 2018 intercalasse,
625 1953 735 2024 ideoque
750 1953 864 2023 primum
880 1969 978 2006 aunum
989 1949 1118 2007 lulianum
1130 1939 1212 2008 instar
1223 1954 1261 2008 bi·

96 2040 200 2093 sextilis
211 2038 305 2104 fuisse,
316 2045 395 2110 atque
403 2040 467 2094 adeo
476 2040 607 2109 legitimos
619 2044 646 2092 et
657 2039 799 2093 ordinarios
810 2039 945 2092 bisextiles
958 2055 1016 2092 esse
1026 2039 1091 2093 istos
1103 2039 1261 2110 oportuisse:
1309 2086 1311 2096 .

96 2145 121 2178 ι.
134 2143 171 2179 rx.
185 2140 241 2179 xus.
254 2131 303 2178 etc.
315 2143 415 2180 xxxvii.
427 2143 480 2180 ιιι.
493 2143 553 2179 rev.
565 2143 636 2178 xnrx.
648 2143 705 2179 eru.
728 2124 768 2177 Ita
785 2124 902 2195 Scaliger
917 2125 1008 2178 libre.
1025 2125 1056 2179 de
1072 2123 1180 2178 Emeud.
1203 2125 1262 2190 Alii,
1280 2169 1282 2178 .

98 2212 144 2282 qui
162 2211 333 2281 quadrantem
350 2211 401 2264 disi
416 2191 519 2282 praeter
535 2211 632 2264 subdes
654 2211 708 2264 dies
730 2211 912 2264 intercalatum
931 2215 1038 2281 putant,
1057 2211 1205 2282 legitimum
1225 2212 1262 2264 bi·

97 2297 233 2362 sextilem,
249 2295 363 2350 Inlianae
375 2297 495 2350 οιιὶιίοιιίι
506 2313 604 2350 annum
615 2296 732 2361 tertium,
748 2301 878 2361 statuum,
894 2295 927 2349 ab
942 2311 1025 2366 eoque
1036 2295 1157 2368 deinceps
1169 2315 1214 2352 vn.
1226 2315 1263 2351 ιι.

97 2402 140 2436 xv.
153 2387 202 2435 etc.
222 2381 310 2435 Tertia
321 2387 407 2452 potest
417 2383 451 2434 ad
462 2399 506 2436 ees
518 2382 638 2436 accedere
649 2382 748 2447 torma,
764 2387 794 2434 ut
805 2381 929 2435 nimirum
940 2382 1100 2436 confusionis
1111 2399 1196 2436 anum
1206 2385 1263 2454 ipse

99 2468 230 2524 bisextilis
241 2467 325 2520 ricem
335 2467 495 2537 praebuerit,
512 2485 543 2522 ao
560 2468 670 2522 subinde
683 2467 799 2522 Iulianus
811 2483 973 2524 mviii-111.
987 2475 1035 2522 eto.
1048 2475 1105 2522 tum
1116 2485 1205 2523 xxxvi.
1218 2487 1262 2524 xe.

99 2573 169 2610 xmv.
184 2571 275 2609 meur.
288 2571 333 2609 ιιι.
346 2553 481 2608 bisarium
497 2554 547 2608 sibi
563 2571 597 2608 ex
609 2553 667 2607 Iulii
679 2552 797 2608 Gesseris
809 2555 1000 2607 constructione
1011 2554 1155 2607 vendicent
1178 2553 1219 2606 Ex
1231 2555 1263 2607 iis

100 2639 237 2693 ordinandi
252 2638 343 2692 fonnis
359 2655 439 2710 quam
455 2639 551 2693 Caesar
567 2639 691 2705 tenuerit,
711 2639 841 2692 affirmare
856 2637 961 2692 difficile
977 2643 1029 2703 eat,
1044 2637 1264 2708 quemadmodum

99 2727 179 2778 etiam
195 2739 262 2796 quae
277 2725 355 2778 inerit
372 2725 530 2796 depravandi
544 2727 610 2779 ratio
622 2724 691 2778 haud
702 2725 739 2777 ita
750 2730 820 2778 certo
832 2729 940 2777 constat
962 2723 1050 2776 Potuit
1061 2723 1131 2776 enim
1141 2739 1210 2796 anno
1221 2723 1263 2776 Iu·

98 2811 168 2864 lieno
177 2811 254 2863 tertio
263 2816 353 2864 contra
361 2812 548 2882 praescriptum
558 2809 675 2864 Caesaris
684 2810 844 2874 intercalari,
855 2809 941 2879 potuit
949 2813 975 2861 at
983 2813 1089 2878 quarto,
1100 2824 1161 2861 cum
1172 2809 1262 2878 quinto

99 2897 233 2960 inssisest;
245 2895 313 2948 unde
322 2913 411 2949 xxxvi.
420 2898 461 2950 vel
470 2914 569 2950 xxxvn.
578 2897 686 2949 vitiosus
698 2895 791 2948 extitit.
808 2885 898 2964 Neque
906 2909 968 2947 sero
979 2894 1066 2946 minus
1075 2893 1263 2950 estobscurum

101 2997 243 3054 quamnam
259 2979 426 3051 castigandae
441 2983 508 3036 labis
524 2983 594 3034 illius
605 2981 675 3036 uam
687 2982 820 3050 Augustus
837 2979 930 3032 inierit.
955 2979 1008 3031 Aut
1023 2979 1094 3032 enim
1104 2980 1218 3048 primum
1229 2997 1264 3034 ax
1312 3016 1316 3032 .

101 3087 145 3123 ιιι.
157 3066 303 3138 ἁνεμβιλοις
315 3084 372 3120 esse
383 3068 459 3121 iussit
469 3067 598 3121 lulianum
610 3069 734 3132 xxxviii,
751 3081 802 3136 quo
819 3060 853 3118 ad
869 3065 1076 3119 emendationem
1090 3065 1208 3146 animum
1219 3066 1264 3118 ad·

102 3155 171 3220 iecit,
188 3154 213 3206 si
223 3159 369 3224 postremus
381 3153 510 3206 bisextilis
521 3152 630 3205 vitiosus
642 3151 719 3204 fuerit
730 3169 843 3216 xxxam,
859 3152 896 3204 ita
910 3157 940 3204 ut
951 3150 1119 3204 duodecimus
1131 3153 1179 3202 τῶν
1192 3149 1264 3222 ἀνεμ-

104 3240 183 3309 βιλων
196 3239 312 3292 lnlianae
323 3239 443 3292 editionis
458 3238 536 3292 inerit
546 3255 632 3302 xum,
648 3253 682 3290 ex
699 3254 750 3308 quo
769 3237 968 3307 deinceps'anni
983 3237 1012 3290 iu
1028 3236 1144 3290 ordinem
1159 3233 1264 3301 redacti,

103 3331 127 3379 et
136 3342 205 3380 anno
218 3343 276 3380 um.
289 3325 422 3394 legitimus
439 3324 568 3378 bisextilis
585 3322 686 3376 incidit:
705 3327 751 3376 aut
765 3323 787 3376 si
799 3339 888 3377 xxxrs.
900 3328 1046 3392 postremus
1063 3321 1191 3375 bisextilis
1205 3319 1264 3387 ibit,

104 3411 239 3465 duodecim
255 3410 352 3464 bisexti
367 3427 472 3480 prorsus
490 3413 609 3481 expertes
623 3425 740 3463 axxxes.
752 3407 785 3461 ad
796 3425 888 3462 xnvrrr.
899 3407 1052 3478 pertexendi
1063 3412 1137 3472 sunt,
1154 3407 1219 3460 adeo
1234 3413 1265 3460 ut

104 3499 200 3568 primus
210 3495 342 3550 bisextilis
354 3512 387 3548 ex
400 3495 487 3549 ordina
498 3496 526 3550 in
537 3495 667 3550 iubenum
678 3511 724 3550 ιιι.
735 3493 879 3548 incurrerit.
902 3495 937 3546 At
947 3492 1044 3546 Paulus
1055 3491 1264 3562 bliddelburgeu-

106 3584 138 3636 sis
149 3584 194 3636 lib.
203 3571 251 3638 ¹⁰11·
263 3597 322 3635 cum
331 3581 454 3635 vitiosum
465 3581 595 3636 bisextum
607 3597 675 3634 anno
684 3599 723 3636 ιιι.
733 3595 771 3634 vr:
778 3597 815 3634 rx.
825 3595 856 3631 ac
865 3579 974 3648 danique
983 3595 1072 3632 xxxva.
1083 3578 1264 3630 intercalatum

106 3685 159 3722 ease
168 3669 291 3732 dixisset,
303 3667 490 3738 duodecimque
499 3683 649 3720 communes
657 3667 717 3720 illos
725 3663 753 3718 iu
762 3681 854 3718 xnsns.
863 3664 982 3728 desiisse,
992 3663 1029 3716 ita
1037 3667 1067 3716 ut
1075 3681 1121 3719 ιιι.
1131 3663 1263 3716 bisestnm

107 3756 232 3824 exigeret,
250 3769 348 3808 norum
363 3769 380 3806 a
395 3752 570 3807 sacerdotibus
581 3753 673 3806 riuum
690 3752 806 3804 oblatum
823 3750 927 3814 assent,
942 3753 972 3803 ut
982 3765 1054 3803 xerx.
1068 3749 1216 3804 bisextileua
1226 3748 1263 3801 ie-

108 3841 177 3906 cerit,
188 3839 258 3893 unde
269 3839 363 3910 reliqui
374 3839 495 3910 deinceps
506 3837 539 3892 ad
551 3843 662 3892 actuum
674 3841 791 3891 noemam
802 3835 936 3890 bisextilae
947 3833 1083 3906 propagati
1094 3839 1163 3887 sunt
