3138 5044
324 330 451 405 mxu

210 533 218 548 ι
323 503 405 544 ennon
416 487 564 552 rediissent,
576 487 668 556 llegoe
680 501 725 540 eoe
736 485 872 540 inmuteee.
898 485 953 542 idue
965 503 1025 542 vero
1040 503 1174 560 nunqnum
1191 488 1295 560 eoripelt
1308 487 1475 560 Epiphanius.

323 575 406 640 Quare
414 573 587 628 hallucinatus
596 577 637 626 eet
644 571 834 628 eruditissimus
842 571 886 626 ille
898 573 1092 644 evengeliorum
1103 575 1238 645 interpres.
1255 573 1380 629 ideoideo
1391 580 1477 628 temen

322 665 423 716 tuntum
434 659 598 724 commeruit,
615 663 645 712 ut
660 657 842 712 eGeouubouo
859 663 913 712 un
929 659 1096 714 inclementer
1107 675 1137 713 eo
1154 660 1242 731 putide
1256 665 1393 714 notarum
1406 667 1434 713 et
1443 662 1477 714 ui·

322 747 511 800 ruleutieeimue
523 760 553 798 eo
563 743 822 798 meledicuntiueimne
831 743 939 814 eoriptor
948 745 1118 816 uppellerotur
1129 745 1156 800 in
1167 745 1212 800 illo
1224 761 1301 816 opere
1312 745 1384 815 qnod
1394 747 1478 816 lpum

323 847 356 884 ex
365 832 500 885 virulentis
512 831 646 884 columniis
658 835 684 884 et
699 828 833 882 haereticis
846 829 1011 900 opinionibus
1023 837 1172 886 contentum
1185 831 1307 885 edrereuu
1316 829 1478 886 Beroniuueu

322 918 435 972 Aunelee
448 915 545 970 effudit

390 1000 433 1062 Ὦς
445 999 477 1062 τίς
489 1000 531 1068 τὴν
543 1002 675 1070 πανήγυριν
687 1001 798 1067 ταύτην]
820 999 903 1064 Quum
919 1001 1023 1056 tendum
1037 1001 1079 1055 irin
1097 1003 1229 1073 πανηγύρει
1239 1003 1372 1073 intelliget
1381 1001 1477 1056 nexio.

323 1087 428 1144 Videtur
439 1087 489 1142 loci
500 1087 582 1150 illiue,
598 1088 625 1140 iu
641 1101 691 1156 quo
703 1091 781 1138 nutus
794 1091 849 1140 eret
860 1085 991 1152 dominue,
1009 1088 1162 1142 celebratum
1178 1088 1330 1142 memorium
1346 1087 1479 1157 πανήγυριν

287 1226 291 1238 ,
323 1174 461 1244 appellere.

388 1258 420 1312 N.
432 1277 457 1312 ι.
482 1257 525 1328 Τῷ
537 1256 583 1328 γὰρ
594 1260 732 1327 τριακοστῷ
744 1255 839 1327 τρίτῳ]
861 1257 899 1310 De
910 1256 951 1312 hie
962 1259 1105 1312 καταπαύετε
1116 1259 1194 1329 poulo
1206 1264 1266 1328 poet
1276 1273 1393 1328 egenum.

390 1343 435 1396 Διὰ
447 1342 475 1394 τὸ
488 1341 663 1413 μεμνησττΰύαι
675 1341 827 1412 πρεσβύτης]
849 1341 923 1406 Quod
934 1342 1058 1415 Iosephus
1070 1344 1199 1414 deurepitu
1208 1344 1261 1397 iem
1273 1347 1358 1396 eetete
1370 1343 1479 1397 iterium

324 1429 426 1483 duxerit
442 1433 516 1482 vetus
532 1434 573 1480 eet
589 1428 683 1497 opinio.
713 1426 786 1491 Quod
803 1432 889 1480 entem
904 1429 998 1482 liberos
1014 1445 1048 1482 ex
1063 1430 1147 1500 priore
1163 1429 1251 1498 eliquu
1265 1429 1377 1499 coniuge
1393 1443 1480 1481 enece-

323 1517 400 1588 perit,
418 1515 466 1568 etei
482 1513 508 1566 id
523 1511 661 1584 Epipheuii
672 1513 767 1584 uliique
779 1518 878 1566 ueteres
890 1515 1029 1568 mernoriee
1045 1513 1216 1586 prodiderint,
1234 1515 1378 1568 reelunent
1392 1519 1479 1569 tumen

324 1601 414 1656 merito
426 1599 520 1652 oeeteri
533 1615 630 1654 omnen.
653 1597 692 1652 De
704 1613 756 1668 que
766 1615 794 1652 re
805 1597 933 1652 Beroninr
945 1600 973 1652 in
985 1600 1078 1672 Appur.

390 1685 421 1740 N.
434 1703 469 1740 rr.
492 1682 614 1736 Ἐντεῦθεν
626 1683 725 1752 τοίνυν]
747 1683 817 1738 ldeeo
832 1684 912 1753 igitur
922 1685 1002 1738 uerbu
1012 1690 1056 1738 τοῦ
1069 1684 1124 1738 θεοῦ
1140 1684 1173 1738 nd
1183 1684 1270 1740 leeunr
1286 1685 1416 1756 pertinere
1427 1699 1479 1738 ore·

322 1771 388 1826 didit
397 1769 503 1841 Epiph.,
514 1787 567 1824 nou
578 1770 612 1822 ud
622 1768 758 1822 Adumum.

391 1857 434 1926 Τῷ
447 1859 530 1925 Λονκᾷ
541 1851 592 1907 ὄντι
603 1854 644 1906 καί
656 1853 732 1924 αὐτῷ.
755 1853 829 1918 Quod
840 1854 925 1908 Lnoee
936 1871 950 1908 e
961 1855 1147 1926 discipulorum
1158 1873 1267 1910 numero
1281 1856 1372 1920 luerit,
1389 1855 1481 1908 εεεαείί

323 1951 350 1998 et
360 1941 505 1996 Dorotheus
516 1941 543 1994 in
555 1940 681 2010 Synopei,
696 1941 815 2010 quemvis
831 1939 857 1992 id
872 1941 958 2011 iprum
974 1941 1008 1993 eb
1020 1959 1050 1995 eo
1062 1943 1152 2012 negari
1163 1943 1329 1998 Meldonetuu
1340 1941 1478 2012 eoripeerit.

323 2029 375 2084 Sed
386 2034 477 2082 oontre
488 2027 603 2080 sentiunt
613 2025 741 2094 plerique,
753 2029 779 2078 et
788 2025 815 2076 id
826 2041 860 2078 ex
871 2025 935 2096 ipris
947 2026 1033 2080 Iunone
1044 2028 1129 2081 uerbie
1141 2027 1279 2097 coliigunt,
1291 2043 1351 2081 oum
1362 2027 1402 2079 uit
1414 2023 1478 2086 τὀαξτ

324 2113 398 2184 κᾴρολ
409 2110 636 2182 παρηκολουθηκότι
648 2106 738 2162 ἄνωθεν
750 2111 821 2162 πᾶσιν
831 2105 934 2180 ἀκριβῶς
946 2112 1045 2179 κατεξῆς
1056 2129 1095 2164 τοι
1104 2111 1203 2183 γρύψαι.
1221 2113 1273 2166 Sed
1285 2115 1388 2166 unium
1399 2113 1479 2174 theut

323 2204 354 2252 nt
363 2199 427 2252 heeo
438 2196 594 2266 discipulum
605 2194 700 2248 Christi
710 2195 804 2260 tumne,
816 2211 847 2248 eo
858 2211 911 2250 non
921 2197 1057 2267 plenoque,
1069 2213 1128 2251 oum
1141 2197 1174 2250 eb
1186 2213 1217 2252 eo
1228 2203 1386 2276 gerorputnr,
1399 2197 1480 2250 nendo

324 2299 463 2352 usurpasse
478 2285 587 2352 negent,
605 2286 635 2333 ut
651 2281 807 2334 eontrarium
823 2282 909 2352 potine
925 2281 985 2336 lrino
1002 2283 1060 2336 elici
1071 2284 1161 2353 poenit.
1192 2283 1306 2338 Verbum
1318 2285 1390 2337 enirn
1402 2299 1479 2351 παρα·

324 2368 449 2420 κολουύίίν
460 2381 648 2436 nonnunquem
658 2366 691 2418 ed
702 2381 760 2420 eom
771 2367 890 2420 notitiem
901 2367 1008 2421 refertur
1019 2383 1086 2438 quoe
1103 2369 1183 2422 oculis
1198 2369 1263 2440 ipeie
1279 2385 1310 2422 eo
1326 2367 1432 2440 proprie
1443 2369 1479 2420 in·

323 2453 466 2524 telligentie
476 2457 647 2522 oomperetnr,
657 2467 710 2506 uon
721 2453 831 2506 eliorum
842 2453 1012 2508 sermonibus.
1030 2453 1064 2506 Ut
1075 2469 1134 2507 oum
1143 2454 1329 2508 Demoutirenee
1341 2453 1366 2506 ίν
1377 2458 1416 2524 τῷ
1428 2453 1479 2522 rupi

324 2537 522 2610 Παραπρεσβείας
542 2537 573 2591 de
585 2535 723 2602 Aeoolriue,
739 2539 812 2592 enine
828 2537 856 2592 in
871 2539 1001 2609 legatione
1012 2555 1098 2592 corneo
1109 2539 1207 2604 lueret,
1222 2541 1260 2594 ele
1271 2541 1397 2612 loquitur:
1414 2535 1478 2590 uult

253 2654 258 2665 ·
292 2655 298 2670 ·
324 2625 411 2678 τούτου
428 2624 599 2698 πονηρεύματα
616 2621 685 2683 εἰδὼς
702 2622 741 2676 καλ
757 2623 981 2695 παρηκολουθηκὼς
997 2621 1073 2676 ἅπασι
1089 2627 1228 2696 κατηγορῶ.
1251 2625 1296 2679 eie
1307 2625 1386 2696 igitur
1396 2624 1479 2678 Luem

324 2707 414 2763 ἄνωθεν
427 2709 665 2781 παρηκολουθηκύκιε
677 2711 747 2762 πᾶσιν
759 2709 863 2779 ἀκριβῶς
874 2709 975 2774 dieitur,
990 2709 1038 2762 hoc
1054 2715 1095 2762 eet
1111 2716 1243 2781 comperto
1252 2711 1440 2781 exploretnque
1450 2725 1479 2761 ετ

324 2802 438 2868 eperum
449 2797 528 2850 etiem
539 2794 671 2849 hebnieee.
690 2795 727 2848 Ao
737 2793 818 2862 videri
828 2801 915 2865 poteet
926 2801 952 2847 et
962 2795 1088 2848 nonnulle
1098 2793 1139 2848 hie
1151 2795 1367 2861 entltireeieeeee,
1379 2801 1410 2848 ut
1419 2811 1478 2849 eum

325 2883 456 2953 superiore
462 2897 537 2934 neren
547 2881 647 2947 dixerit,
657 2879 865 2951 quondoquidem
874 2880 949 2934 multi
957 2895 998 2932 ree
1008 2895 1024 2932 e
1033 2879 1133 2934 Ohrleto
1143 2887 1232 2951 goutte
1240 2881 1354 2936 seribere
1362 2881 1479 2951 eggreeei

323 2975 397 3032 eunt,
407 2967 488 3027 καθὼς
497 2967 635 3036 παρέδοσαν
643 2965 701 3036 ἡμῖν
710 2965 734 3016 ol
742 2962 783 3016 ἄπ’
792 2964 882 3036 ἀρχῆς,
895 2966 984 3020 uten'm
992 2965 1122 3031 enbiioiet,
1134 2963 1201 3028 ἔδοξε
1210 2965 1285 3037 κύρεολ
1294 2964 1478 3036 παρηκολουθη-

324 3054 390 3116 utu,
401 3052 451 3105 lioo
462 3060 503 3106 eet
513 3052 559 3122 qui
569 3068 634 3114 non,
645 3057 676 3103 ut
685 3051 735 3116 illi,
747 3048 774 3102 ίκ
784 3051 958 3120 παραδόσεως,
975 3051 1020 3104 red
1032 3067 1065 3104 er
1077 3053 1182 3122 proprie
1192 3051 1218 3105 id
1230 3052 1339 3106 eoientio
1349 3065 1478 3122 tompore·

324 3139 381 3192 rim.
409 3136 544 3190 Caeterum
555 3137 660 3189 tumetei
671 3136 703 3188 ed
715 3151 775 3188 eum
786 3152 891 3190 seueunr
899 3135 1087 3190 eooommodurl
1096 3136 1181 3190 Lucee
1190 3139 1269 3191 verbe
1278 3135 1343 3190 nihil
1353 3135 1477 3208 prohibet,

324 3241 378 3276 nou
389 3222 480 3276 iooiroo
491 3227 579 3275 ίαεειαιι
590 3220 685 3274 Ghrieti
695 3220 849 3291 dieoipulum
860 3221 941 3274 lulum
957 3228 1026 3276 oerto
1043 3224 1214 3292 pronuneiure
1229 3223 1328 3288 entim,
1344 3235 1405 3276 oum
1419 3220 1477 3276 iruie

325 3307 454 3360 αύτοτεετί
465 3307 608 3360 eontentiee
618 3307 696 3376 longe
707 3307 793 3377 plnree
804 3305 852 3361 PP.
864 3307 1018 3377 intelligam.
1042 3307 1094 3360 Sed
1109 3308 1158 3360 ietn
1171 3309 1372 3362 oommemoruui
1380 3347 1386 3372 ,
1395 3313 1433 3362 ut
1446 3325 1477 3360 ne

324 3393 409 3446 Lneee
420 3393 470 3463 ipui
482 3392 513 3445 de
524 3409 553 3446 ee
564 3392 670 3446 teetnmi
679 3391 804 3462 reingeri
815 3391 952 3461 quiequam
963 3391 1136 3464 ilpiplreninm
1148 3394 1292 3447 urbitretnr.

392 3477 437 3529 Καί
448 3478 558 3547 κηρύττει
569 3479 687 3546 πρῶτον]
707 3477 804 3532 Lucem
812 3477 840 3530 in
850 3475 934 3530 Gellia
941 3477 1115 3548 pnedieeeee,
1126 3479 1228 3544 nullus,
1239 3479 1307 3549 quod
1316 3479 1409 3544 ouium,
1422 3495 1476 3550 pre·

324 3563 396 3618 didit.
413 3563 498 3633 Atque
509 3561 578 3616 houd
589 3563 642 3616 noio
654 3577 689 3617 en
698 3561 810 3616 Gallim
818 3561 976 3634 Giuulpinem
986 3565 1128 3635 intelliget,
1139 3579 1186 3634 per
1197 3579 1276 3634 quem
1287 3563 1314 3618 iu
1322 3563 1475 3618 Dulrnetlem

325 3649 511 3719 ornatamque
523 3648 689 3702 contenderit.

392 3734 508 3804 Κρίσαης,
521 3733 601 3803 φησίν,
613 3731 637 3784 ἐν
648 3737 677 3805 τῇ
689 3733 801 3804 Γαλλίᾳ]
819 3731 914 3796 luno-ele
924 3733 1038 3786 Γαλλίαν.
1056 3733 1123 3787 Nem
1132 3734 1210 3805 vulgo
1220 3733 1252 3795 εἰς
1262 3733 1391 3788 Γαλατίαν.
1410 3735 1477 3799 ΟΜ

325 3827 365 3875 eet
379 3820 556 3874 vetustissimo
572 3825 598 3872 et
614 3819 758 3872 certissima
772 3819 862 3884 leotio,
880 3819 1001 3890 quioquid
1019 3817 1131 3872 eifirmet
1146 3817 1315 3891 lipiplruniue.
1349 3819 1435 3884 Quum
1454 3825 1477 3873 et

324 3907 452 3962 ltnueblue
464 3907 480 3959 l.
493 3923 532 3959 nr.
544 3905 609 3958 lliet
622 3921 643 3958 o.
655 3923 703 3968 ru,
719 3903 863 3973 Ghryeoet,
878 3905 1042 3968 Ambrosius,
1053 3903 1231 3960 'l'ireodoretue
1248 3921 1279 3958 ue
1291 3905 1385 3960 erud
1395 3913 1422 3960 et
1432 3903 1477 3960 Lt-

324 3993 372 4046 tini
389 4007 479 4046 omnes
494 3996 649 4060 egnoeount
677 3988 831 4059 Quunquem
847 4005 899 4044 nou
916 3989 1010 4042 derunt
1024 3989 1069 4060 qui
1084 4007 1131 4060 per
1147 3989 1269 4042 Γαλατίαν
1286 3991 1356 4061 epnd
1370 3989 1478 4045 Puulum

326 4076 439 4130 (tullium
456 4076 615 4146 intelligent,
634 4081 665 4128 ut
683 4073 867 4129 Theodoretue.
903 4074 1064 4128 Oreeoentem
1084 4091 1145 4130 uero
1164 4076 1306 4130 Galliarum
1324 4081 1353 4129 et
1364 4075 1478 4130 (duleum

325 4164 419 4230 puriter
431 4163 577 4232 epoetolum
588 4159 682 4225 inune,
694 4159 749 4212 Ado
760 4159 788 4212 iu
798 4159 905 4230 illurtyr.
912 4177 936 4214 v.
945 4157 1002 4214 lini.
1013 4159 1061 4215 lul.
1071 4165 1098 4213 et
1108 4161 1135 4214 ln
1148 4160 1274 4216 Olrronleo
1285 4166 1404 4228 ίαείαίεεε,
1416 4167 1445 4215 ut
1455 4165 1479 4214 εί

325 4245 399 4298 Rom.
411 4247 516 4316 Martyr.
527 4263 633 4300 norum.
657 4244 736 4298 Vetus
748 4245 818 4298 enirn
829 4244 947 4298 (tolutim
958 4245 1085 4300 duntuuut
1094 4247 1220 4301 meminit.
1243 4245 1276 4302 lle
1289 4251 1358 4300 oerte
1368 4245 1479 4301 dubitent

324 4335 423 4401 potent,
435 4337 521 4385 utrum
530 4347 583 4386 non
593 4329 672 4384 modo
681 4328 818 4396 Greeoene,
829 4329 875 4384 eed
886 4331 927 4384 rel
939 4332 1006 4385 oliuo
1017 4333 1166 4402 quinqueni,
1178 4349 1225 4402 per
1236 4331 1281 4385 illu
1292 4337 1412 4404 empore
1420 4333 1479 4388 Gul-

323 4415 365 4468 liie
377 4416 506 4484 evangelii
515 4417 599 4470 lueem
609 4416 760 4487 importurlt

392 4499 423 4552 N.
434 4517 481 4554 un.
504 4499 571 4552 ilerd
582 4499 624 4566 τὴν
636 4501 712 4553 αύτοῦ
723 4497 772 4553 eru
784 4503 825 4567 τῆς
838 4497 958 4572 [λύτρον]
981 4499 1038 4555 Non
1054 4503 1133 4572 igitur
1147 4503 1174 4556 in
1186 4503 1277 4556 Petmo
1289 4503 1394 4574 eeripeit
1404 4519 1477 4558 erun·
1555 4517 1556 4535 ¹
