3186 5042
336 301 378 364 88
666 313 845 368 οτννσοιρτ
864 311 899 364 na
918 312 1073 364 narrum.
1093 311 1168 364 rau.

336 432 378 484 nbi
395 433 426 484 ol.
442 431 527 484 editor
538 432 587 500 legi
598 432 683 484 iubet:
704 425 788 500 ὥςπερ
802 431 852 502 γάρ
869 433 896 488 εί
906 449 945 494 τις
959 443 1007 484 oet.
1023 449 1086 500 quae
1098 429 1241 482 emendatio
1254 439 1402 500 eomparato
1413 439 1485 480 aortm

335 519 393 570 loco
419 516 614 570 commendatur.
650 519 689 570 De
713 517 829 586 enallage
851 517 985 570 modorum
1003 516 1053 568 vid.
1072 519 1191 570 Ιοίίίνίον.
1218 517 1329 568 Granum.
1352 516 1397 568 Gr.
1416 513 1484 585 ampl

335 605 364 674 §.
383 607 440 654 888.
466 613 552 654 annot.
571 608 596 655 1.
1562 601 1563 672 l

403 691 430 740 P.
448 691 498 738 888
519 688 604 758 (187).
636 677 811 758 nituerit
837 687 871 742 lu
895 683 984 759 άρχῇ
1009 687 1096 756 πρὸς
1118 686 1176 744 τάν
1209 683 1305 756 ieie]
1337 687 1486 740 Minnanota
1562 717 1563 772 p

335 785 374 826 eat
388 773 446 838 iata,
462 791 526 842 quae
543 775 617 843 paulo
632 785 690 844 poet
704 775 824 836 recurrit,
841 773 1009 844 diacrepantia
1024 775 1140 826 lectionis
1153 774 1179 826 in
1193 773 1252 826 loco
1266 793 1308 844 ap.
1324 777 1358 826 lo.
1376 777 1420 826 Eo.
1437 775 1485 822 11.
1562 799 1563 824 l

336 850 374 912 οὗ
382 875 439 918 τος
455 847 475 927 η’
483 877 495 912 ν
512 857 538 912 ίν
555 855 623 930 άρχῇ
641 857 704 928 πρὸς
720 857 764 914 τὸν
782 857 849 915 θεάν.
1562 895 1563 932 i

403 945 430 994 Ρ.
446 947 496 994 878
514 945 601 1013 (808).
626 939 704 998 Ἐπί
730 939 864 999 τούτων
975 940 1113 1014 αάτοῦ·]
1132 945 1202 995 liaeo
1223 962 1268 1014 per
1292 962 1320 995 ae
1345 943 1485 1010 interpoet'tt,
1562 953 1563 986 l

335 1045 416 1097 neque
431 1030 534 1100 τελείᾳ,
559 1030 604 1082 aed
620 1029 690 1100 μίοη
709 1047 723 1080 a
742 1030 865 1098 prioribus
883 1029 1023 1081 dirimenda
1040 1042 1114 1092 nant,
1132 1031 1169 1082 ita
1186 1041 1213 1080 ut
1230 1030 1359 1098 proxima:
1377 1025 1438 1083 άλλά
1449 1021 1486 1081 nit
1562 1089 1563 1112 p

335 1115 361 1170 ίν
375 1119 412 1186 τῷ
428 1122 583 1184 πορτπινοεῖν
600 1126 648 1167 oet.
664 1115 696 1166 ad
714 1133 857 1184 praegressa
876 1133 900 1184 p.
919 1120 968 1166 878
986 1116 1062 1184 (808)
1086 1111 1152 1171 aut
1170 1113 1196 1169 ἐν
1212 1115 1251 1184 τῷ
1270 1151 1318 1167 ...
1335 1111 1485 1183 προςεπεξερ·
1562 1151 1563 1182 n

334 1198 460 1270 γάζεσθοτ
478 1213 525 1253 oet.
544 1201 692 1254 reserantur.
1562 1211 1563 1254 ξ

403 1289 429 1340 Ρ.
446 1292 496 1338 884
513 1288 597 1356 (887).
614 1285 738 1354 ἐτάραν
760 1286 903 1353 αἵρεσιν
921 1285 1139 1356 είςηγήσατο
1158 1285 1331 1356 ἐχομένην
1346 1285 1486 1352 τῆςπρο·
1562 1287 1563 1320 l

334 1372 448 1441 τίρας]
472 1373 554 1440 Vulgo
571 1371 707 1442 ίχομίνηςι
730 1371 852 1442 ἐχομένην
876 1375 988 1425 Orlleme
1011 1372 1044 1424 de
1060 1375 1155 1426 Peinuii
1173 1372 1333 1433 coniectura,
1362 1381 1444 1430 recte,
1458 1369 1487 1418 ri-
1562 1375 1563 1432 ξ

334 1457 436 1527 quidem
451 1456 556 1528 ίχεσ88ί
572 1475 637 1518 τινος
651 1468 689 1508 eat
703 1473 829 1522 oonpruere
843 1473 897 1510 auen
913 1462 997 1522 aliquo
1009 1474 1035 1510 re
1079 1459 1200 1522 Eptpinn.
1215 1459 1246 1508 Τ.
1262 1457 1294 1506 ll.
1317 1475 1345 1524 p.
1358 1459 1407 1506 877
1424 1455 1486 1523 (778)
1562 1439 1563 1482 ³

334 1537 394 1597 atina
410 1543 540 1611 προκοπῆς
553 1539 639 1613 ἔχεται
653 1539 682 1597 τά
698 1545 773 1597 θεῖον.
809 1543 907 1594 Videaia
923 1561 979 1594 meo
995 1543 1027 1594 ad
1044 1546 1075 1594 io.
1095 1547 1160 1605 atyn.
1177 1544 1214 1592 De
1230 1543 1261 1591 V.
1272 1543 1296 1591 8.
1307 1541 1337 1592 R.
1357 1561 1381 1610 p
1392 1543 1430 1592 88.
1443 1557 1474 1608 eq.
1562 1541 1563 1604 1

403 1629 429 1680 P.
447 1632 497 1679 888
515 1629 599 1697 (808).
623 1631 668 1698 τῷ
692 1627 788 1683 ἰδίου
814 1629 964 1699 χορηγῷ
991 1627 1053 1696 lei]
1075 1627 1123 1696 Τῷ
1148 1639 1208 1679 ante
1230 1627 1269 1681 lari
1285 1637 1357 1679 recte
1377 1627 1487 1688 deletam
1562 1613 1563 1620 ¹

334 1733 415 1784 neque
436 1725 489 1778 eat,
509 1713 577 1783 quod
594 1713 627 1765 tie
644 1713 688 1767 τοῦ
711 1713 859 1783 reponendo
882 1714 985 1782 cogitee.
1020 1715 1083 1765 Nam
1107 1712 1259 1781 praecedam
1283 1712 1349 1768 ἰδίου
1372 1711 1487 1763 articulum

334 1817 385 1852 non
401 1799 520 1851 admittit.
556 1798 719 1850 Scribendum
733 1815 791 1849 vero
805 1799 909 1869 χορηγῷ
928 1817 974 1867 pro
993 1799 1058 1867 vulg.
1075 1799 1198 1869 χωρηγῷ.
1232 1798 1274 1849 8ἰο
1287 1795 1415 1868 χορηγὸς,
1432 1793 1487 1864 qnod
1562 1821 1563 1860 η

334 1897 403 1937 recte
419 1885 535 1936 scribitur
551 1887 581 1936 T.
598 1887 628 1935 ll.
648 1905 670 1953 p.
689 1887 739 1936 888
756 1885 848 1952 (888),
867 1884 983 1954 χορηγία,
1001 1889 1119 1956 χορηγεῖν
1136 1895 1161 1934 et
1176 1883 1315 1950 composita
1333 1884 1359 1934 in
1373 1877 1486 1953 χωρηγὸε.
1562 1863 1563 1934 i

334 1971 451 2042 χορηγία
465 1982 491 2021 et
506 1975 633 2041 χωρηγεῐν
651 1981 699 2022 cet.
725 1969 862 2037 depununtur
885 1988 1004 2040 persaepe
1026 1969 1191 2037 rapieriuntur.
1225 1969 1303 2019 Velut
1318 1969 1351 2020 T.
1368 1971 1387 2018 l.
1412 1986 1433 2035 p.
1446 1969 1485 2016 811

335 2056 413 2125 (188)
430 2054 673 2124 ίπικεχορηγηκέναι
691 2055 796 2123 primum
814 2055 839 2106 in
855 2053 1121 2126 ίπικεχωρηγηκάνσι,
1138 2053 1230 2104 deiorle
1244 2053 1269 2104 in
1286 2051 1486 2123 ἐπικεχωρηκίνσν
1562 2055 1563 2130 l

335 2141 414 2203 abiit,
441 2141 510 2209 quod
526 2141 603 2191 habet
619 2140 675 2192 cod.
692 2142 770 2204 Vem,
797 2152 822 2192 et
835 2139 879 2195 τάν
895 2138 1054 2211 ἐπιχωρηγόν
1070 2141 1120 2207 τῆς
1137 2136 1278 2199 ἐπιδόσεως
1299 2139 1365 2190 male
1387 2138 1485 2206 volgatur
1562 2139 1563 2204 l

335 2229 366 2279 T.
385 2227 426 2276 ΙΙΙ.
453 2245 477 2295 p.
497 2231 546 2276 848
562 2227 654 2292 (816),
680 2227 779 2278 tametsi
803 2246 825 2294 ρ.
845 2230 894 2277 880
916 2227 991 2294 (utto
1015 2243 1089 2277 roceo
1114 2221 1225 2294 χορηγός
1248 2235 1274 2275 et
1298 2224 1408 2294 χορηγία
1428 2233 1484 2274 rente

335 2311 483 2362 acribentur.
496 2369 505 2386 n
518 2311 576 2364 uin.
595 2309 723 2362 animadv.
739 2313 764 2362 in
783 2315 808 2364 S.
820 2314 894 2364 aaut.
912 2314 929 2364 l.
946 2331 970 2382 p.
981 2315 1037 2362 188.
1058 2321 1084 2361 et
1100 2328 1163 2379 quae
1177 2309 1209 2360 ad
1223 2313 1305 2360 Elinm
1317 2313 1378 2362 stoi.
1393 2309 1482 2362 coitu
1562 2327 1563 2366 l

336 2396 387 2464 (8).
406 2399 455 2446 888
471 2396 513 2464 (8)
531 2397 657 2448 annotavi.
695 2397 731 2447 lle
752 2397 853 2449 uocibue
877 2397 941 2458 illia,
966 2397 1087 2448 translate
1108 2407 1134 2446 et
1154 2395 1299 2464 plerumque
1322 2395 1348 2446 in
1371 2394 1482 2446 meliorent
1562 2389 1563 2432 ί

335 2491 432 2552 partem
448 2481 579 2550 neumatis,
598 2481 655 2532 vida
668 2487 774 2534 Creuter.
788 2484 812 2534 in
830 2485 906 2536 Tlteol.
925 2485 994 2534 Sinai.
1012 2499 1037 2533 u.
1054 2485 1139 2534 Krllik.
1155 2499 1178 2531 a.
1195 2485 1270 2531 1888.
1294 2500 1319 2548 p.
1331 2485 1373 2532 88.
1390 2497 1425 2550 eq.
1439 2495 1481 2530 me·
1562 2493 1563 2550 l

335 2585 385 2637 qne
402 2566 532 2619 animadv.
556 2566 581 2617 in
604 2571 630 2619 S.
650 2571 715 2620 Baail
741 2568 758 2620 l.
774 2585 795 2620 ο.
821 2579 847 2619 ot
862 2578 948 2619 arrnot.
969 2567 1001 2619 ati
1023 2571 1106 2619 Ellam
1124 2569 1184 2620 Cret.
1209 2567 1257 2620 coi.
1274 2573 1324 2632 888
1341 2569 1394 2636 (8).
1426 2561 1484 2616 Adule

334 2658 453 2707 ileletiunt
466 2655 490 2704 in
508 2653 609 2705 homilia
633 2671 673 2722 ap.
692 2657 812 2718 Epiplan.
830 2655 861 2705 T.
879 2655 921 2704 ΙΙΙ.
944 2671 968 2721 ρ.
986 2657 1034 2704 188
1052 2654 1125 2722 (877)
1143 2651 1187 2708 διά
1210 2655 1259 2722 τῆς
1274 2689 1300 2704 ·.
1315 2691 1321 2705 .
1339 2649 1485 2723 ίπτχορηγίσί
1562 2705 1563 2708 ,

334 2740 379 2794 τοῦ
393 2735 543 2806 πνεύματος
563 2743 727 2803 Epiphaniam
741 2739 803 2791 loeia
821 2739 862 2790 cit.
879 2749 905 2789 et
920 2740 951 2791 T.
968 2741 1011 2790 lll.
1030 2758 1054 2809 p.
1071 2743 1120 2790 888
1135 2740 1212 2807 (881)
1237 2735 1274 2806 μή
1289 2736 1426 2806 δυνάμενος
1439 2733 1484 2788 lat-
1562 2765 1563 2792 π

334 2830 452 2895 χορηγεῖν
470 2825 508 2894 τῷ
527 2824 674 2895 βουλήματι.

403 2913 430 2962 P.
449 2913 497 2960 888
516 2911 600 2978 (811).
627 2908 686 2964 οὖν
710 2913 755 2981 τῷ
781 2905 888 2965 αὐτοῦ
910 2911 1017 2977 πατρί
1037 2928 1073 2964 τε
1098 2909 1157 2964 καί
1178 2903 1411 2979 πρωτοστάτη
1432 2905 1485 2971 τῆς

335 2994 416 3062 alpi
423 3011 513 3056 σεως
529 2991 793 3065 Κορποκράτει]
812 2998 967 3064 Magnopere
988 2995 1072 3058 fallor,
1095 3007 1139 3047 ant
1154 2995 1212 3047 loco
1225 2996 1319 3064 vulgati
1331 2987 1485 3063 προτοστάτη

334 3080 506 3146 reponendum
529 3077 667 3150 προστάτῃ.
697 3085 817 3146 upapam
842 3083 874 3135 τ.
891 3084 933 3151 ην.
955 3101 980 3150 p.
996 3085 1029 3131 oe
1054 3073 1486 3150 (845),τῆς“11μιαριίωιταύπτ
1562 3075 1563 3138 J

334 3166 383 3234 τῆς
397 3165 457 3232 (τῆς
474 3165 572 3234 ulalate)
594 3165 718 3233 αἱρέσεως
733 3165 878 3234 προστάται.
912 3166 1011 3218 videm
1026 3185 1081 3218 ntea
1095 3167 1127 3218 ad
1140 3170 1222 3219 Elium
1238 3173 1300 3218 Oret
1317 3166 1366 3218 ool.
1381 3161 1487 3229 881(8).
1562 3177 1563 3240 3

334 3247 535 3318 Πρωτοοτάτης,
554 3251 622 3320 quod
638 3251 744 3305 militare
757 3263 795 3304 eat
812 3253 959 3304 vocabulum
977 3253 1042 3316 (vid.
1060 3256 1156 3305 Goeller.
1176 3251 1208 3304 ad
1225 3254 1330 3316 Thucyd-
1345 3253 1413 3302 vlu.
1430 3247 1487 3313 88.)
1562 3305 1563 3308 ¹

334 3353 510 3405 nonnunquam
533 3353 578 3404 pro
599 3333 744 3406 προστάτης
765 3355 896 3405 perperam
918 3338 1027 3406 poaituna
1053 3337 1192 3406 reperitur,
1220 3338 1287 3388 velut
1306 3337 1375 3405 apud
1396 3335 1488 3398 788788

334 3423 351 3474 l.
366 3441 403 3484 n,
429 3421 471 3472 ubi
490 3425 609 3474 coninua
623 3423 743 3475 formulae
760 3420 775 3478 ά
790 3420 935 3491 προστάτης
949 3424 993 3478 τοῦ
1011 3421 1111 3490 δήμου,
1130 3423 1162 3473 ab
1179 3423 1235 3491 ipao
1251 3423 1284 3474 nd
1302 3425 1406 3486 turena
1421 3423 1438 3473 l.
1452 3421 1488 3470 88.

334 3507 484 3570 illustratae,
501 3507 632 3560 immernor
646 3509 703 3565 init.
736 3509 873 3560 l'ariaeirnn
889 3519 927 3559 eet
945 3511 1084 3562 Leunolnuii
1099 3509 1257 3570 emendatio,
1275 3509 1317 3578 qui
1333 3508 1399 3576 προτί
1416 3510 1488 3558 Elia!

334 3595 397 3645 Oret.
415 3593 553 3644 Commeot.
570 3593 596 3644 in
614 3597 709 3659 (ἕτερον.
723 3598 781 3646 Noe.
798 3595 945 3646 combusii.
964 3594 1008 3646 fol.
1020 3599 1076 3645 888.
1094 3613 1113 3645 r.
1129 3593 1272 3661 προστάτης
1289 3611 1336 3660 pro
1353 3587 1488 3660 προτοστ8

333 3695 383 3746 της
396 3678 421 3728 in
438 3677 493 3728 lotia
509 3678 650 3746 rescripsit:
676 3676 702 3747 (ά
722 3677 851 3750 διάβολος)
872 3676 1054 3746 πρωτοστάτης
1077 3697 1105 3732 τε
1127 3681 1176 3746 τῆς
1197 3679 1324 3746 περιγείον
1339 3675 1435 3741 τάξεος
1449 3671 1487 3728 κοί

333 3765 382 3832 τῆς
397 3763 448 3831 γῆς
462 3759 510 3830 τήν
527 3761 643 3832 φυλακὴν
659 3762 826 3835 enemente
839 3763 908 3833 παρὰ
922 3766 990 3819 iani.
1025 3765 1113 3832 Neque
1133 3775 1215 3816 tamen
1233 3763 1414 3830 πρωτοστάτης
1429 3776 1487 3812 nno-

333 3866 408 3920 qnam
432 3849 553 3900 translate
577 3860 716 3918 usurpatur.
758 3851 831 3900 Cous.
855 3857 910 3902 Act.
934 3851 1179 3916 ementitum.
1202 3846 1382 3917 πρωτοστάτην
1399 3883 1405 3896 ·
1421 3884 1428 3900 ·
1444 3845 1488 3909 τῆί

333 3935 383 3990 τῶν
400 3933 560 4000 Ναζωραίων
574 3933 704 4002 αἱρέσεως.
722 3945 748 3986 et
766 3935 815 3987 rid.
830 3937 974 3988 Soileunrer.
992 3935 1076 3987 lexic.
1095 3935 1120 3986 in
1137 3935 1203 3986 Noe.
1218 3935 1289 3986 Test.
1304 3936 1337 3986 T.
1355 3938 1384 3986 ii.
1400 3953 1425 4003 p.
1435 3933 1485 3982 788

403 4022 429 4072 l’.
447 4021 598 4088 888(811).
622 4018 659 4073 ἐκ
737 4020 797 4074 τοῦ
817 4017 1215 4082 ΠλάτωνοςΠολιτειῶν
1233 4017 1412 4088 πρόφασιν
1435 4020 1485 4070 la·

334 4105 411 4178 βοίν]
429 4105 593 4157 Scribendutn
611 4115 687 4173 puto:
708 4103 737 4159 iat
754 4141 779 4158 ..
799 4107 851 4160 τῶν
867 4099 1005 4166 Πλάτωνος
1024 4105 1171 4160 Πολιτειῶν.
1207 4107 1244 4156 De
1262 4105 1352 4174 plurali
1367 4104 1487 4159 notrum

333 4192 384 4244 vid.
402 4193 535 4244 &incidam
551 4191 583 4242 au
599 4189 699 4242 civitat.
713 4192 743 4242 Τ.
762 4192 781 4241 l.
800 4209 824 4259 p.
843 4195 867 4241 1.
882 4207 920 4258 eq.
956 4191 1023 4256 Quid
1039 4201 1122 4242 antem
1135 4191 1200 4241 inter
1217 4195 1384 4254 Carmentalem
1397 4183 1488 4240 intonit

334 4286 361 4326 et
374 4279 515 4340 Plalonem,
541 4277 582 4345 qui
607 4275 724 4344 onningen
747 4291 890 4327 commoneo
910 4291 966 4327 aeae
986 4275 1082 4338 uoluit,
1108 4275 1193 4343 pulcre
1214 4275 1279 4326 vidit
1303 4279 1406 4328 citarent
1426 4274 1486 4324 alet·

334 4363 427 4414 ὃτι-σειν.
442 4363 483 4414 ΙΙΙ.
496 4365 521 4412 8.
547 4379 572 4429 ρ.
587 4365 645 4416 att.
661 4377 698 4430 eq.
723 4359 763 4412 ed.
785 4361 879 4413 Potter.
900 4361 1011 4414 Plutonia
1032 4360 1183 4414 eontentiant
1206 4361 1301 4412 Noster
1319 4370 1360 4412 ter
1376 4356 1486 4413 innatat.

334 4445 400 4501 ΤΛ.
426 4464 451 4515 p.
471 4449 513 4497 80.
542 4447 575 4499 T.
590 4448 634 4498 lll.
659 4449 750 4516 pauo
769 4445 863 4516 (1088)
888 4457 914 4500 et
939 4445 1066 4516 Anaoeph.
1093 4465 1118 4516 p.
1136 4449 1186 4498 818
1203 4447 1281 4515 (188)
1298 4446 1339 4498 nbi
1363 4462 1407 4515 pro
1424 4439 1486 4506 vulg·
