3126 5046
1109 325 1271 384 cnxxxtx

112 481 208 547 isdem,
219 484 264 553 qui
277 483 395 538 noudum
405 467 573 537 emsrsmut.
597 481 663 536 item
674 489 705 538 nt
715 499 760 538 sos
771 499 851 554 qnam
863 481 1057 554 mtiquissimos
1067 482 1207 546 moisem,
1217 497 1273 536 non

111 574 171 622 suto
182 574 288 638 tempus
299 569 424 622 Antonini
435 585 494 622 osso
505 573 658 638 potuerunt,
670 570 743 622 euius
756 585 824 622 suno
836 587 891 622 nx.
901 571 1042 622 Montanus
1052 569 1160 638 prodiit,
1172 573 1201 620 ut
1212 567 1272 620 boo

109 653 161 706 rosi
173 669 266 708 xsrnr.
278 654 382 724 seripsit
392 653 566 726 Epiphaniam
584 655 629 724 qui
645 669 729 707 sunus
744 655 865 724 congruit
877 651 971 707 Gbristi
983 669 1052 708 eurr.
1075 655 1154 723 Atqui
1164 671 1213 706 nos
1224 653 1273 708 ibi-

109 737 169 791 dom
185 737 362 809 Epipbsuium
378 741 512 794 aberrasse
530 740 678 804 docuimus,
699 755 747 792 noo
763 745 824 792 suto
840 740 938 792 Aurelii
951 745 1054 810 tempus
1075 745 1180 792 mortno
1198 738 1273 790 Geta·

109 822 240 894 phryges,
257 825 364 894 eiusque
381 841 450 878 snuo
461 843 498 880 ιι.
511 829 541 876 nt
556 825 645 878 seribit
660 824 795 879 Eusebius.
832 823 916 888 Qusre
926 825 1005 895 louge
1016 824 1085 878 iutro
1094 822 1158 878 iliud
1169 829 1272 894 tompus

108 909 267 964 enatandi
278 917 348 963 sunt.

177 989 225 1056 ’ος
238 989 267 1061 ἦν
279 995 369 1064 χρόνος
382 995 442 1066 μετὰ
453 993 496 1062 τὴν
508 1000 552 1047 τοῦ
564 999 675 1067 σωτῆρος
686 991 826 1066 ἀνάληψιν]
856 994 933 1049 Aliud
945 1009 1026 1065 agens
1037 991 1198 1066 Epiphsuiue
1209 993 1273 1048 bost

108 1079 222 1150 scripsit.
257 1080 315 1134 Non
328 1082 397 1134 euim
408 1087 469 1152 post
480 1077 606 1151 σύύιληψιν,
624 1079 673 1134 boe
690 1087 731 1133 ost
746 1095 884 1133 ascensum
897 1079 1007 1145 domini,
1024 1081 1069 1133 sod
1080 1087 1142 1152 post
1151 1081 1208 1133 eius
1220 1079 1274 1148 ydo-

108 1183 177 1232 sayon
192 1171 221 1218 et
234 1167 349 1220 ustuiom
361 1181 435 1222 reru.
453 1167 549 1236 elapsis
565 1167 642 1219 annis
657 1166 832 1236 Apocalypsin
848 1165 959 1219 Ioannes
977 1167 1071 1235 attigit.
1105 1166 1202 1218 Verum
1217 1181 1273 1236 por

108 1252 187 1320 ptoxe
199 1251 340 1304 admodum
352 1252 466 1322 loquitur
478 1250 652 1322 Epiphanius,
667 1257 692 1304 et
704 1268 764 1304 eum
775 1257 853 1304 antea
863 1251 940 1304 fateri
951 1252 1022 1304 risus
1035 1252 1080 1316 sit,
1091 1251 1198 1305 Ioannis
1208 1256 1274 1304 tom·

110 1353 174 1406 poro
186 1338 287 1390 nubum
299 1337 431 1406 'thyatiris
442 1337 583 1407 vestigium
600 1338 724 1390 eeclesiae
740 1337 912 1408 superfuisse,
928 1353 992 1390 mox
1007 1337 1120 1407 idipsum
1137 1343 1197 1408 post
1212 1353 1274 1407 spo-

108 1423 238 1475 stolorum
249 1439 279 1476 oe
291 1423 397 1476 Ioannis
409 1428 520 1476 oetatem
538 1423 679 1492 contigisse
695 1422 768 1474 dicit:
788 1421 825 1474 δύο
844 1421 884 1473 sai
900 1419 1036 1474 ἐσπούδασε
1053 1423 1082 1472 ιο
1094 1420 1162 1492 tyno
1180 1427 1274 1492 πνεῦμα

108 1505 269 1577 ἀποκαλύψαι
280 1506 346 1577 ἡμῖν,
359 1510 411 1568 πῶς
420 1505 508 1578 ἔμελλε
519 1507 657 1562 πλανᾶσθαι
668 1506 684 1573 ἡ
696 1505 815 1572 instincta
827 1510 889 1577 μσιὰ
899 1507 943 1558 τὀν
956 1507 1046 1578 χρόνον
1056 1511 1105 1558 τῶν
1117 1507 1273 1575 ἀποστόλων,

108 1597 153 1644 τοῦ
171 1609 197 1643 τε
214 1589 329 1644 Ἰωάννου
346 1593 450 1644 καὶτῶν
468 1593 581 1662 moeno
599 1593 670 1663 quod
686 1600 788 1663 tempus
806 1593 881 1646 annis
893 1607 960 1646 runs
976 1590 1037 1662 parde
1052 1591 1095 1658 τὴν
1106 1597 1151 1644 τοῦ
1163 1595 1273 1663 σωτῆρος

109 1674 229 1748 ἀνάληψιν
245 1677 343 1731 definit.
377 1678 407 1732 Si
419 1677 615 1749 Cetapbrygum
631 1677 747 1731 haeresis
758 1694 828 1732 enno
837 1675 936 1730 ‘Christi
948 1693 1026 1742 cnm,
1037 1675 1087 1730 boe
1099 1684 1140 1730 est
1149 1679 1274 1731 Antonini

108 1780 172 1827 xrs„
183 1763 289 1816 initiunt
300 1763 403 1828 babuit,
420 1771 450 1818 nt
467 1771 556 1818 censet
568 1761 740 1833 Epiphanius,
756 1762 875 1816 Christus
885 1769 973 1815 entem
984 1778 1077 1832 pessus
1089 1769 1130 1815 est
1141 1769 1167 1816 et
1177 1765 1204 1816 iu
1217 1779 1274 1816 ooo·

108 1847 164 1901 inm
174 1849 316 1902 subventus
328 1865 397 1902 snno
409 1867 509 1914 xxxxv„
522 1850 563 1902 rel
572 1867 674 1913 marn,
686 1848 783 1902 edditis
794 1863 842 1902 om
852 1847 920 1901 fiunt
930 1848 993 1900 enni
1003 1848 1104 1901 eireiter
1113 1861 1206 1913 exnsr,
1218 1849 1274 1918 qui·

109 1933 159 1986 bus
177 1933 274 2004 sispsis
292 1933 476 2003 Thyotiromm
493 1935 629 1988 soolesiam
645 1935 807 1987 intercidisse
824 1939 910 2003 putet;
930 1933 1000 2002 quod
1017 1949 1051 1984 ne
1067 1935 1153 2002 ipsum
1171 1931 1274 2004 quidem

108 2025 214 2089 tuspus
224 2018 259 2072 sd
271 2019 465 2090 Ostapbrygum
478 2021 605 2090 originem
618 2020 744 2074 convenit.
764 2019 849 2082 Quare
858 2019 910 2071 nisi
921 2017 1085 2072 librariorum
1097 2020 1174 2089 euipe
1182 2019 1274 2072 vitium

108 2105 136 2157 in
147 2115 318 2158 numerorum
329 2111 406 2158 uotae
418 2106 567 2170 ineurrsrit,
580 2103 753 2176 Epiphaniam
765 2119 850 2156 errare
860 2119 966 2157 necesso
979 2109 1025 2158 est

177 2189 239 2242 Κατ’
251 2188 342 2242 destruo
355 2193 460 2260 serpet]
482 2189 571 2245 Scribe
589 2187 644 2241 κατ’
656 2187 741 2246 tenso

178 2272 221 2328 Ἐν
232 2277 332 2346 χρόνοις
344 2275 486 2343 Κλαυδίου]
508 2273 659 2346 Perpetem,
672 2282 791 2347 utsupra
801 2275 959 2328 monuimus.
982 2274 1049 2328 Nem
1061 2277 1111 2330 sub
1123 2275 1271 2332 Domitiano
1299 2290 1319 2330 s·
1328 2275 1375 2320 ²1⁴·

107 2361 242 2430 relegeras
254 2368 302 2414 est

178 2445 210 2500 N.
222 2463 312 2500 srxrr.
334 2445 369 2500 ⁴Oi
379 2447 440 2508 τινύς
452 2445 508 2498 stass
521 2444 665 2517 Ἀσσύριοι]
699 2445 793 2500 Porsso
808 2447 841 2498 sd
857 2445 1014 2518 Euphratem
1030 2448 1137 2502 minimo
1148 2448 1193 2501 siti
1203 2453 1272 2502 sunt.

108 2531 163 2585 Sed
180 2530 313 2592 πλοινιῶς
330 2549 377 2602 pru
394 2533 531 2586 Persarum
550 2533 659 2603 imperio
676 2531 768 2586 Perses
789 2534 931 2602 usurparit.
966 2532 1081 2596 Quatnor
1100 2531 1274 2597 monerebiae,

108 2633 179 2687 quse
190 2617 258 2672 Dsn.
268 2635 315 2671 ιιι.
326 2617 411 2688 eapite
422 2617 610 2684 deseribuntur,
619 2633 706 2688 nequo
717 2623 787 2670 roste
799 2619 832 2670 ab
844 2616 988 2688 Epipbonio
999 2625 1150 2671 numeratos
1161 2625 1233 2682 sunt,
1248 2626 1275 2670 ot

109 2703 144 2756 ad
155 2703 263 2773 Apoenl.
275 2704 363 2756 ionum
373 2704 448 2758 iilum
458 2702 641 2758 nihilomnius
653 2703 762 2756 iaciunt.
776 2702 845 2754 Nom
856 2701 920 2754 baso
930 2703 1034 2756 Ioannis
1044 2703 1101 2756 viss
1112 2703 1145 2756 sd
1156 2709 1275 2756 moene

108 2787 203 2841 mundi
210 2795 329 2858 tempora
339 2788 495 2854 referuntur,
507 2789 600 2860 quibus
610 2805 645 2853 ιι,
656 2787 706 2841 boe
716 2793 756 2841 est
763 2787 878 2840 universi
885 2787 1039 2851 doemones,
1049 2789 1092 2840 vei
1101 2803 1190 2842 sorum
1199 2801 1273 2858 prse-

108 2873 195 2943 oipui,
211 2875 256 2944 qni
267 2873 392 2928 bostonus
404 2875 505 2944 siligsti
514 2875 631 2938 tuerat,
649 2874 730 2926 soluti
740 2871 850 2926 vinealis
861 2873 889 2926 iu
900 2870 1007 2924 bomani
1018 2873 1121 2942 generis
1132 2873 1273 2943 peruieiess

108 2960 308 3029 gustabuntur.
325 2960 395 3014 Esse
406 2959 601 3031 simplio‘msims
611 2958 663 3012 lusi
673 2957 750 3010 buim
761 2957 892 3026 expositio
902 2965 1012 3027 quotuor
1023 2957 1081 3011 illas
1089 2965 1189 3012 soteres
1198 2975 1274 3013 mon·

109 3044 215 3098 ambies
227 3045 356 3112 exaindit,
372 3062 439 3116 quse
456 3063 489 3099 na
506 3046 580 3114 ipses
597 3043 702 3113 quidem
719 3043 752 3097 ab
762 3041 908 3113 Epiphanio
918 3059 953 3096 ex
965 3041 1085 3098 bistorise
1095 3045 1204 3099 veritato
1214 3061 1273 3116 pro·

109 3137 253 3200 ponuntur.
286 3130 354 3184 Nam
371 3139 399 3184 ut
411 3131 530 3184 omittsm
541 3129 708 3199 Assyriorum
719 3129 834 3199 imperii,
851 3129 921 3198 quod
933 3129 1087 3199 iampridem
1101 3129 1274 3195 intercideret,
1305 3127 1310 3142 '

109 3216 272 3270 mentionem
284 3215 359 3286 apud
372 3215 507 3268 Danielem
521 3215 578 3268 fieri
590 3215 707 3279 ιιιύύυιιι,
724 3221 794 3268 sorte
810 3215 924 3284 proximi
939 3215 973 3268 ab
990 3215 1104 3284 Assyriis
1119 3215 1190 3270 biodi
1204 3225 1273 3282 sunt,

110 3301 174 3354 indo
185 3299 333 3370 Babylonii.
355 3300 509 3369 Quanquam
521 3299 657 3369 Assyrios,
671 3299 723 3352 nisi
732 3299 817 3364 folior,
832 3317 886 3354 non
897 3306 996 3353 setores
1006 3300 1066 3354 iiios
1076 3301 1200 3372 iutsiiigit
1209 3317 1273 3372 quo·

110 3403 172 3440 rum
188 3387 296 3440 ultimus
313 3385 504 3456 sardanapalus
522 3386 555 3438 ab
567 3385 666 3438 Arbace
682 3385 791 3454 imperio
803 3391 898 3438 exutus
915 3391 967 3450 est,
984 3386 1030 3439 sod
1045 3388 1213 3458 posteriores,
1229 3389 1274 3458 qui

111 3473 229 3526 extincto
241 3479 325 3526 rotare
336 3473 380 3524 ilio
393 3471 605 3542 amplissimoque
616 3485 698 3540 regno
710 3487 744 3523 ex
757 3471 812 3524 eins
827 3471 909 3524 ruinis
926 3471 1033 3525 exsitsti
1049 3481 1121 3538 sunt,
1138 3477 1168 3526 ut
1183 3477 1210 3526 et
1224 3471 1273 3526 Ba·

110 3559 279 3627 byloniorum
289 3558 435 3627 imperium.
461 3553 513 3608 Sed
525 3561 633 3626 utroquo
645 3555 764 3610 ridentur
776 3557 923 3625 antiquiora
932 3555 1068 3610 Medorum
1079 3558 1165 3624 initis,
1177 3558 1201 3612 si
1212 3558 1274 3629 quid

111 3643 229 3698 Diodoro
245 3659 276 3696 eo
289 3643 399 3696 esmeria
417 3641 538 3696 omnibus
553 3641 683 3695 bistoniois
698 3641 817 3694 eraditur.
850 3640 908 3704 Qus
924 3642 956 3695 ds
971 3658 999 3694 se
1015 3643 1053 3696 ita
1068 3644 1161 3713 peusis
1176 3646 1273 3715 sosipe.

112 3729 180 3782 Gum
203 3745 236 3780 ox
262 3728 378 3781 omnium
400 3727 481 3781 forms
504 3727 659 3796 scriptorum
676 3728 814 3781 autoritate
831 3731 931 3780 constet
947 3733 1007 3780 ants
1024 3727 1122 3798 Cyrum
1138 3733 1165 3782 st
1181 3729 1273 3783 Perses

110 3815 232 3868 maxima
247 3811 297 3868 duo
313 3813 422 3884 imperis
435 3811 567 3877 floruisse,
583 3813 749 3882 Assyriorum
765 3811 1056 3879 annuntiatorum,
1073 3814 1170 3883 (tyrum
1184 3820 1273 3868 eutem

111 3899 269 3968 Olympus.
281 3914 350 3952 auno
362 3899 459 3968 primo,
475 3897 530 3951 sire
545 3899 663 3961 ineunte,
681 3898 735 3950 siro
751 3898 837 3967 potius
848 3897 964 3962 labente,
981 3899 1110 3970 coepisse,
1128 3899 1231 3965 demus,
1246 3899 1273 3953 id

109 3985 182 4056 quod
194 3983 257 4037 uiibi
268 3983 495 4047 demonstrabitur,
511 3988 624 4036 exeunte
639 3999 709 4036 anuo
723 3983 806 4051 primo
819 3981 921 4052 Olymp.
930 4001 972 4038 nv.
983 3984 1080 4052 Cyrum
1090 3987 1224 4055 Astyagen
1235 3987 1273 4038 ri·

110 4071 192 4134 ones,
211 4085 296 4124 νιιιιιιι
314 4067 354 4122 bie
371 4069 420 4121 erit
435 4068 463 4120 in
480 4068 582 4122 istisne
598 4067 702 4138 periodo
719 4067 810 4131 4155„
827 4074 888 4120 anto
905 4067 1092 4138 Dionysisnam
1108 4085 1195 4124 sorem
1212 4069 1271 4126 eon

108 4156 180 4208 Ante
191 4153 261 4208 buno
272 4155 352 4224 igitur
363 4167 461 4212 sunum
470 4154 636 4222 Assyriorum
642 4153 829 4222 Medorumque
837 4159 955 4224 temporo
962 4155 1113 4208 eoliooends
1119 4162 1195 4222 sant3
1206 4171 1273 4226 quio

109 4242 146 4294 ob
157 4245 313 4294 vetustatem
324 4240 530 4310 scriptorumque
541 4239 730 4291 dissensionem
741 4255 833 4308 parum
849 4245 919 4292 sorta
935 4240 972 4292 sio
990 4239 1131 4293 ordinando
1141 4246 1273 4311 putemus.

108 4325 251 4381 Medorum
262 4325 399 4395 imperium
411 4323 498 4378 Cresia
509 4330 536 4376 et
547 4324 659 4376 Diodoro
670 4324 779 4378 testibus
792 4339 843 4378 cco
855 4323 937 4378 forme
949 4340 980 4378 ao
991 4343 1047 4378 nvn
1058 4341 1140 4379 anuos
1153 4327 1272 4382 obtinuit.

109 4413 207 4482 Coepit
221 4411 302 4482 igitur
316 4405 385 4463 ann'o
401 4427 454 4481 per.
465 4409 513 4463 Iul.
525 4407 600 4464 3838.
632 4409 798 4479 Assyriorum
815 4425 897 4480 regno
909 4411 980 4463 mille
992 4425 1022 4462 ae
1034 4416 1161 4466 nocentes
1172 4414 1273 4468 eiroitor

109 4515 128 4550 a
145 4497 211 4552 Bolo
228 4497 380 4561 tribuimus,
399 4501 539 4566 praeeunte
555 4495 584 4548 in
601 4493 734 4550 Obsoniois
749 4495 872 4550 Eusebio.
906 4495 1080 4560 Quamobrem
1096 4497 1200 4552 iniimu
1216 4497 1273 4552 Beli

109 4583 236 4637 convenit
253 4599 321 4636 anno
336 4581 518 4652 per.1ulienoe
530 4579 605 4634 2539.
639 4580 680 4634 Ex
696 4581 729 4634 iis
746 4597 908 4650 consequens
925 4587 967 4635 ost
981 4582 1116 4638 Medorum
1132 4583 1273 4654 primordie
