3126 5046
307 297 373 353 cun

306 452 383 506 liuius
395 453 520 508 nonnulis
531 452 697 508 disserentur.
721 453 861 508 Videamus
879 469 947 508 nuno
959 454 1091 524 quodsum
1102 453 1134 510 ds
1145 454 1177 508 iis
1189 454 1335 508 lmooeotii
1346 453 1468 510 indicium

306 539 435 603 extiterit,
446 539 500 592 imo
513 544 601 592 utrum
612 539 644 592 de
656 539 707 592 illis
718 539 821 592 locutus
831 540 936 594 omuino
945 540 992 604 sit,
1004 539 1074 609 quod
1082 541 1199 610 plerique
1208 556 1300 594 omnes
1309 541 1467 594 existiment

305 625 352 678 llic
365 626 435 678 enim
447 625 558 694 epistole
567 643 605 678 m.
614 624 647 677 sd
656 624 817 695 Emporium
829 641 923 696 capu.
935 625 972 677 its
983 617 1083 680 scribite
1108 625 1469 694 determinatamque

307 711 337 762 de
359 709 399 762 tn
415 710 547 762 mserum
563 711 653 763 dolrem
668 715 711 780 pai
722 722 782 780 post
798 712 947 780 baptismum
965 715 1032 764 omni
1049 720 1157 780 tenpore
1174 715 1373 764 incontinentiae
1390 722 1415 764 et
1429 730 1469 764 oo-

306 796 444 866 luptatidus
456 797 537 848 dediti
547 800 574 848 in
586 805 694 849 extremo
705 799 754 856 fine
765 801 834 850 oitoe
845 815 907 850 strae
914 801 1097 866 poenitentiam
1113 797 1187 848 simul
1198 805 1222 850 et
1237 797 1469 850 reconciliationem

306 884 484 936 coerimonionis
499 891 641 952 exposcunt.
677 882 717 934 De
734 881 775 934 lis
790 883 931 936 edomatio
949 886 1021 950 prior
1037 884 1134 944 durior,
1147 886 1275 951 posterior
1290 886 1469 936 interueniente

306 969 484 1020 misericordia
501 967 652 1020 inclinatior
669 975 712 1020 est.
747 967 817 1020 Nam
834 969 984 1020 oomuetudo
996 972 1073 1037 prior
1089 971 1177 1030 tenuit,
1194 978 1222 1021 ut
1237 969 1420 1020 consorderetur
1436 971 1470 1019 eis

301 1056 472 1123 poenitentia,
483 1055 529 1106 sed
540 1057 677 1105 communio
689 1063 832 1120 soporetur.
861 1053 931 1106 Nom
944 1054 1064 1106 cumillis
1075 1054 1225 1122 temporibus
1236 1053 1344 1106 crebrae
1351 1071 1469 1124 persecu·

307 1142 385 1192 tiones
396 1147 488 1202 essent,
501 1156 531 1190 ne
543 1143 720 1192 communionis
732 1139 978 1206 concessosocilitos
987 1138 1098 1192 domines
1109 1141 1139 1192 de
1151 1140 1359 1192 reconciliatione
1369 1157 1471 1192 securos

306 1242 354 1276 non
366 1233 500 1276 reuocaret
511 1244 527 1276 a
540 1225 627 1293 lapsu,
644 1233 739 1292 rseyota
755 1227 842 1278 meritc
854 1228 993 1278 communio
1009 1234 1057 1287 est,
1074 1241 1194 1276 concesso
1202 1228 1372 1292 poenitentia,
1390 1242 1421 1276 ne
1437 1233 1469 1278 io-

205 1328 226 1369 n
235 1317 280 1360 tto.
306 1319 356 1362 tum
363 1314 466 1380 penitus
478 1319 623 1377 neparetur,
635 1319 660 1362 et
668 1311 794 1362 duriorem
805 1313 975 1362 remissionem
978 1313 1047 1377 jecit
1055 1313 1173 1378 temporie
1181 1314 1261 1362 ratio.
1277 1308 1331 1361 Sed
1336 1319 1470 1378 postquam

306 1397 419 1448 dominus
431 1405 515 1448 noster
526 1413 620 1464 pocern
637 1396 752 1447 ecclesiis
767 1399 820 1448 ruse
835 1397 961 1460 reddidit,
977 1399 1031 1447 iom
1047 1397 1149 1464 depulso
1166 1404 1263 1450 terrore
1278 1399 1470 1446 communionem

307 1483 368 1534 dari
383 1481 530 1534 adeuntibus
542 1482 656 1549 placuit,
675 1489 700 1532 et
711 1489 820 1550 propter
836 1482 931 1532 domini
947 1482 1163 1544 mirericordiam,
1181 1484 1256 1548 quusi
1272 1483 1397 1534 uiaticum
1409 1499 1470 1549 pro-

299 1569 424 1634 fecturis,
437 1583 466 1617 ne
479 1565 623 1618 Nouationi
634 1565 760 1618 haeretici
771 1571 888 1634 crepantis
899 1569 998 1618 ueniam
1011 1569 1174 1635 asperitatem
1187 1575 1212 1618 et
1222 1566 1345 1618 duritiam
1357 1567 1470 1636 redemti

305 1653 445 1704 videamur.
467 1649 491 1700 T
488 1651 602 1702 rideretur
611 1668 671 1718 erpo
680 1669 735 1702 euru
741 1655 897 1720 poenitentia
907 1661 1019 1704 extrema
1029 1655 1166 1704 communio
1175 1659 1222 1702 etc.
1238 1649 1314 1704 Hunc
1324 1649 1470 1704 tremendi

305 1737 407 1799 locum,
419 1736 489 1806 quod
500 1737 527 1790 in
540 1753 571 1790 eo
583 1751 678 1805 genere
690 1737 911 1790 luculentissimus
923 1737 970 1800 sit,
987 1741 1071 1788 totum
1087 1735 1281 1806 adscripsimus.
1305 1735 1372 1790 cum
1384 1741 1469 1789 sutem

306 1823 339 1876 sd
350 1821 501 1876 Enbennni
513 1821 617 1874 concilii
627 1821 730 1874 decreti
741 1823 896 1876 nominatim
907 1822 1068 1891 respexisse,
1083 1837 1144 1874 cum
1158 1820 1223 1874 huso
1240 1820 1380 1886 scriberet,
1396 1821 1469 1874 lnno·

305 1891 419 1962 centidm
430 1911 523 1977 putent
533 1905 652 1960 hominos
664 1907 771 1970 eruditi,
788 1906 853 1962 mihi
869 1907 972 1977 quidem
988 1923 1040 1960 non
1051 1907 1171 1978 probent.
1205 1906 1273 1960 Num
1283 1905 1469 1960 Eliberitsnnns

305 1993 444 2048 concilium
456 1991 564 2044 καθόλου
577 1993 608 2046 de
619 1993 651 2044 iis
662 1993 776 2062 loquitur
792 1993 836 2062 qui
854 1992 975 2064 greniors
989 1997 1016 2044 et
1030 1992 1152 2062 ospitalis
1168 1991 1262 2046 delicte
1278 1992 1469 2056 commiserunt,

305 2093 373 2149 quse
385 2077 418 2129 nd
430 2078 481 2130 trio
493 2093 590 2146 genere
598 2077 771 2130 Tertullianus
784 2084 810 2130 et
818 2078 945 2132 Pscionus
958 2083 1094 2145 revocent3
1107 2093 1173 2147 quos
1183 2077 1301 2147 quidem,
1314 2093 1469 2146 quocunque

306 2163 411 2218 demum
422 2169 539 2233 ternpore
551 2163 652 2218 admitti
663 2179 720 2216 sese
735 2163 939 2233 postulaverint,
955 2163 1128 2233 repudiandos
1144 2162 1266 2216 decernit
1300 2161 1469 2233 disruperit
1555 2223 1556 2236 χ

306 2249 446 2304 condietis
459 2249 492 2302 sd
504 2265 548 2302 eos
559 2255 662 2302 tuntum
674 2249 819 2319 pertinebit
830 2251 875 2319 qui
886 2255 948 2319 post
958 2249 1056 2302 atrocis
1067 2249 1165 2302 scelere
1179 2249 1367 2319 poenitentium
1382 2249 1411 2304 in
1425 2265 1468 2302 ex·

213 2335 217 2346 ’
305 2339 418 2388 tremum
429 2334 498 2388 vitoe
510 2340 613 2404 tempus
625 2334 792 2388 distulissent
825 2335 931 2404 Alioqui
942 2349 1002 2388 cnm
1013 2334 1109 2388 infiniti
1120 2349 1234 2388 conones
1245 2334 1277 2388 de
1288 2335 1424 2404 lspsornm
1439 2351 1469 2388 so

306 2435 529 2490 quorumcumque
543 2425 709 2490 peccatorum
725 2420 884 2490 poenitentis
899 2425 927 2472 et
941 2419 1148 2474 reconciliatione
1165 2419 1261 2474 conditi
1276 2419 1402 2484 inissent,
1417 2426 1469 2474 um

305 2511 365 2560 sntc
382 2521 462 2576 quim
478 2511 540 2577 post
555 2505 699 2559 Nicsennm
716 2507 867 2570 concilium,
887 2521 999 2576 cumque
1016 2504 1160 2558 Nicnennnr
1180 2505 1267 2575 ipsum
1284 2505 1316 2558 de
1332 2505 1415 2575 lspsis
1430 2521 1469 2558 rs·

305 2591 431 2662 cipiendis
442 2597 496 2644 turn
508 2591 603 2644 diserte
615 2591 757 2658 seminet,
768 2592 859 2662 inepto
870 2607 933 2644 sene
944 2591 1038 2644 luisset
1048 2589 1172 2660 Exuperii
1181 2591 1227 2644 ille
1236 2591 1370 2660 quaestio,
1381 2591 1405 2644 si
1414 2590 1468 2644 nni·
1554 2653 1555 2666 χ

305 2693 378 2732 resse
390 2683 468 2747 etque
480 2677 581 2730 infinite
592 2681 760 2748 percontetur
772 2683 848 2730 esset
880 2675 1067 2730 Sednlmirum
1079 2676 1469 2747 elis‚etalspsissopeocstc·
1554 2707 1555 2718 κ

304 2763 376 2818 ribus
387 2763 493 2833 reliquis
504 2763 609 2816 illorum
622 2769 741 2833 seperate
754 2777 847 2815 censes
858 2761 921 2828 luit,
937 2763 983 2832 qni
999 2762 1186 2832 poenitentiam
1202 2762 1235 2815 sd
1249 2762 1374 2816 ioannis
1387 2763 1467 2816 obitus

304 2850 448 2920 pericnlum
466 2865 549 2919 nsque
567 2849 742 2913 distulissent,
762 2849 858 2918 quibus
877 2847 956 2900 etiem
973 2847 1135 2902 moribundis
1157 2847 1219 2900 olim
1238 2847 1384 2902 intercluso
1403 2865 1467 2902 com·

304 2936 394 2988 munio
404 2941 451 2988 est.
470 2933 545 2997 Quod
551 2933 695 3004 Cyprianus
705 2933 821 3004 Epistola
830 2951 865 2988 ur.
878 2932 1094 2988 sddntonionum
1104 2931 1235 2986 evidenter
1244 2931 1388 3002 significet.
1405 2932 1467 2986 Num

306 3037 366 3074 cum
377 3019 501 3073 adversus
511 3019 534 3071 N
537 3019 670 3072 orsdsnos
682 3019 720 3072 its
731 3019 889 3089 scripsissem
901 3018 986 3072 diiror
995 3028 1077 3072 autem
1086 3021 1205 3088 paidom
1215 3021 1253 3070 sic
1263 3019 1404 3072 obstinatos
1412 3035 1467 3080 esse,

305 3114 335 3156 nt
350 3106 463 3158 doridom
480 3106 562 3173 lapsis
579 3123 627 3156 nou
640 3114 731 3174 patent
743 3109 937 3174 poeniteutiam,
956 3115 1001 3156 aut
1015 3103 1199 3174 poenitentibus
1216 3108 1359 3156 em'stiment
1374 3109 1467 3158 reniam
1553 3139 1554 3152 r

307 3191 494 3257 deneqandam3
506 3195 598 3260 postes
609 3191 661 3242 istu
671 3190 787 3244 subiicit:
810 3189 847 3242 Et
857 3191 968 3254 idcirco,
973 3193 1065 3258 frater
1076 3193 1220 3252 conseime,
1231 3193 1414 3259 poenitentiam
1426 3208 1467 3242 non

307 3282 421 3343 operies,
434 3293 479 3326 rien
491 3277 599 3351 dolorem
612 3277 759 3328 delictorum
770 3294 870 3328 suorum
882 3284 931 3328 toto
943 3277 1020 3328 corde
1031 3284 1056 3328 et
1067 3279 1204 3344 manifesta
1213 3275 1467 3328 iamentationisssoe

302 3364 461 3430 professione
473 3369 603 3426 testantes,
616 3361 788 3430 prohibendos
799 3365 897 3414 omnino
910 3365 1050 3414 censuimus
1062 3381 1078 3412 a
1090 3377 1134 3429 spe
1147 3364 1382 3414 communicationis
1393 3371 1418 3414 et
1425 3379 1466 3432 pu·

307 3451 356 3510 cis,
373 3449 397 3498 si
412 3449 440 3496 in
455 3448 602 3514 infirmitate
613 3455 688 3516 atque
699 3452 725 3500 in
733 3448 852 3516 periculo
864 3450 994 3515 coeperint
1004 3447 1154 3515 deprecari,
1172 3450 1231 3515 puio
1243 3463 1340 3512 royare
1353 3447 1412 3500 illos
1425 3463 1465 3498 nos

307 3533 395 3584 delicti
401 3535 569 3600 poenitentia,
581 3533 627 3585 sed
635 3537 721 3586 retortis
730 3536 842 3600 urqentis
851 3534 989 3584 adrnonitio
999 3532 1135 3599 compellit,
1149 3549 1193 3582 trec
1203 3533 1295 3598 dipnus
1305 3540 1345 3582 est
1353 3535 1466 3600 accipere
1552 3597 1553 3606 ἵ

305 3619 423 3670 solatium
434 3621 477 3684 pai
487 3635 514 3668 se
526 3635 573 3668 iton
586 3621 709 3684 copituoit
719 3635 772 3670 esee
784 3621 939 3672 moriturum.
968 3616 1006 3670 De
1017 3617 1051 3670 iis
1062 3621 1088 3668 et
1098 3614 1246 3685 Exuperius
1258 3615 1465 3684 innnogsrern

306 3707 333 3757 et
344 3701 483 3772 respondet
494 3701 672 3766 Innocentius,
685 3703 778 3772 quibos
791 3707 914 3772 negatum
926 3718 983 3755 esse
996 3693 1207 3754 communionem
1219 3701 1316 3754 mirum
1326 3701 1410 3756 videri
1419 3716 1465 3754 non

306 3788 395 3852 debet,
412 3803 473 3841 cuns
485 3787 525 3840 uel
537 3785 749 3854 cemohunienos,
766 3789 822 3858 qui,
838 3787 908 3858 quod
924 3786 1041 3840 nondum
1053 3787 1177 3842 ecclesius
1188 3785 1312 3857 potestati
1323 3787 1423 3840 subditi
1431 3801 1466 3838 es·

306 3881 377 3939 sent,
394 3871 534 3928 humenius
552 3872 678 3926 nocendi
694 3871 810 3938 luerent,
827 3873 918 3926 eedem
936 3873 981 3926 ills
997 3887 1127 3926 canonum
1144 3871 1268 3926 serentis
1284 3871 1466 3940 perstrinxerit.

309 3959 378 4014 Nem
389 3960 434 4029 qni
446 3959 606 4030 bspn'smnm
618 3959 645 4012 in
657 3959 757 4012 obitum
769 3975 852 4028 usqne
864 3964 1060 4028 prorogarunt,
1077 3975 1129 4010 non
1142 3957 1194 4010 illis
1206 3955 1310 4026 quidem
1322 3957 1393 4026 quod
1402 3963 1466 4025 pete-

307 4045 371 4098 bsnt
383 4044 541 4115 denegatum
558 4043 621 4108 tuit,
638 4043 684 4096 sed
701 4043 779 4096 iidem
791 4045 862 4096 volut
876 4043 1000 4096 intimise
1012 4043 1080 4096 notis
1091 4043 1173 4096 inusti
1184 4058 1200 4094 e
1211 4041 1357 4096 sacerdotio
1368 4041 1465 4112 penitus
1551 4069 1552 4096 t

307 4129 473 4194 arcebuntnr3
486 4145 551 4200 qnos
564 4130 642 4184 etism
654 4128 761 4182 clinicos
773 4129 956 4194 nominsbsnt;
968 4128 1037 4198 quod
1048 4128 1076 4180 in
1088 4143 1183 4180 causes
1194 4126 1334 4182 Neritisni
1345 4130 1466 4180 mstsotnr

308 4212 356 4267 se.
369 4213 416 4270 PP.
430 4221 457 4268 et
471 4231 542 4268 conc.
554 4214 773 4268 Neocaesnriense
790 4213 904 4268 decrevit
919 4213 982 4268 Oen.
996 4231 1042 4266 ιιι.
1078 4213 1115 4266 De
1127 4213 1227 4268 clinicis
1238 4213 1327 4281 igitur,
1345 4217 1373 4266 nt
1385 4211 1419 4264 its
1427 4207 1465 4260 di·

308 4299 583 4368 impoenitentibus
596 4299 775 4370 accipiendum
787 4300 988 4370 estrescriptnm
996 4299 1061 4352 illud
1070 4298 1222 4352 Innocentii.
1240 4297 1289 4350 Vel
1300 4297 1398 4367 potius,
1408 4309 1465 4347 euni

308 4387 335 4434 et
345 4381 377 4434 de
389 4383 439 4435 illis
451 4391 514 4453 egit
525 4385 677 4454 praecipue,
695 4389 721 4436 et
737 4401 768 4436 eo
783 4385 897 4438 ueneno
912 4391 968 4438 tots
984 4384 1118 4448 referetur,
1135 4384 1213 4438 altius
1230 4389 1320 4436 minen
1336 4380 1464 4451 negotium

308 4471 440 4536 repetens,
453 4468 513 4534 quid
526 4469 557 4521 de
570 4470 641 4522 omni
652 4475 818 4539 peccatorum
830 4485 925 4538 genere
937 4470 1060 4522 ecclesius
1072 4468 1231 4522 consuetudo
1243 4469 1368 4532 tenuerit,
1379 4467 1464 4520 inrue·

308 4550 419 4606 moriem
436 4557 552 4615 reucost3
573 4553 642 4621 quod
663 4553 695 4606 sd
717 4554 823 4608 clinicos
840 4555 905 4608 istos
922 4555 1084 4625 suspicimur
1104 4553 1297 4624 possesiones
1317 4551 1463 4606 restrictum·
1550 4541 1551 4636 l
