3126 5046
1159 341 1266 400 uxum

164 493 197 550 N.
209 513 250 550 rn.
276 495 322 550 llol
334 493 371 548 in
383 493 427 566 plu
440 493 453 550 ὃ
465 495 637 568 Μελχισεδέκ.]
662 495 737 561 Quod
754 497 789 550 sit
805 511 915 552 acumen
932 497 960 552 in
975 497 1020 552 illa
1034 495 1173 568 Epiphanii
1187 499 1266 553 ratio·
1290 537 1292 542 -

98 581 243 647 maone,
260 582 306 636 rix
321 583 427 652 assequi
440 599 556 653 possum.
591 582 626 636 Ut
635 581 769 636 bominem
780 583 862 636 tuisse
873 581 1090 638 Melcb'nedacum
1101 601 1135 637 ex
1147 586 1265 655 apostolo

97 665 271 732 demonstret,
285 665 350 720 baeu
361 667 433 720 illiue
445 669 525 722 rerba
539 669 674 739 proponit:
692 664 705 718 d
719 665 746 724 bt
756 667 791 737 μὴ
804 667 1024 738 γενεαλογούμενος
1037 665 1062 729 tt
1074 669 1155 722 αὐτῶν
1167 668 1266 722 debead-

97 768 161 804 croae
170 750 215 804 r'or
225 749 386 824 πατριάρχην.
403 751 444 806 Ax
454 755 548 824 quibua
557 755 596 806 ita
603 754 715 822 colligite
728 752 804 820 δῆλον
815 747 857 806 οὖν
867 751 904 806 ὅτι
913 751 937 814 li
947 752 1029 808 αὐτῶν
1040 753 1068 806 οὐ
1078 754 1265 825 γενειλογέῑται.

97 835 169 900 um
181 836 248 892 nihil
259 837 292 892 ad
303 839 451 892 institutam
463 839 644 910 probationem
655 840 779 903 attinent,
794 854 843 892 neo
854 840 907 893 illis
919 841 1026 894 omnino
1038 841 1122 894 uerbis
1134 839 1266 896 hominem

95 923 218 977 extitisse
230 923 304 978 docet
314 925 457 996 apostolus.
493 923 577 988 Quare
588 924 730 978 mendosus
738 923 781 978 hic
792 925 865 978 locus
877 925 986 991 ridetur,
999 931 1025 978 et
1035 927 1073 982 ita
1084 927 1266 996 corrigendus:

97 1007 173 1074 δῆλον
186 1003 231 1060 οὗν
243 1006 281 1060 ὅτι
291 1006 316 1070 ἐξ
328 1006 416 1080 ἑτέρων
428 1008 615 1080 perculeretur.
650 1009 718 1064 Nam
730 1026 764 1064 ex
776 1027 819 1076 eo,
834 1011 904 1080 quod
916 1012 1049 1080 apostolus
1061 1011 1143 1076 dicat,
1159 1010 1267 1066 Melchi-

96 1093 220 1148 sedcenm
233 1092 262 1146 ori
275 1093 473 1165 γονωλογεῐσθοι
484 1093 511 1148 ἐκ
523 1098 567 1148 τοῦ
579 1093 705 1166 Ἀβραὰμ,
724 1101 770 1148 aut
781 1093 807 1146 la
819 1099 869 1148 τῶν
880 1099 994 1161 Λευιτῶν,
1005 1103 1140 1167 utcunque
1151 1099 1268 1168 sequitur

96 1176 225 1250 ltirtpne
237 1178 449 1250 γινοολογεῖσθοι,
461 1179 511 1234 hoo
523 1187 563 1236 eat
574 1187 710 1246 externae,
723 1181 891 1251 diversaeque
902 1181 936 1235 ab
948 1183 999 1236 illis
1011 1183 1100 1252 stirpis
1110 1182 1200 1238 iuisaa

164 1262 252 1325 Ἠλίας
265 1262 278 1316 d
291 1263 428 1333 Orobis-qe]
448 1265 532 1320 liliam
542 1283 558 1319 e
571 1266 726 1321 sacerdotali
735 1267 817 1320 luisse
829 1268 909 1336 stirpe
920 1267 1098 1322 Hebraeorum
1109 1268 1160 1322 lert
1171 1270 1267 1340 opinio,

98 1351 141 1419 qui
156 1349 273 1404 eandem
288 1351 363 1404 illum
378 1351 479 1404 iaciunt
494 1367 555 1404 cam
573 1350 682 1406 Phineer
699 1352 817 1405 Eleazari
834 1352 898 1406 tilio.
934 1351 1008 1406 Hanc
1025 1355 1174 1424 opinionem
1190 1355 1270 1408 reiert
1293 1363 1371 1415 aare.

95 1433 235 1490 Kimclaios
251 1435 286 1490 ad
302 1435 348 1491 lib.
363 1453 402 1490 m.
421 1435 486 1506 ling.
504 1453 560 1507 cap.
574 1455 649 1502 aru,
666 1454 715 1492 neo
732 1439 760 1492 in
778 1453 810 1490 ea
826 1443 915 1490 tamm
932 1439 1086 1508 acquiescit3
1103 1441 1268 1510 amplectitur

96 1527 186 1576 autem
198 1520 270 1575 Elias
281 1522 309 1576 in
321 1535 384 1575 roco
396 1519 496 1576 Thiabi.
517 1521 608 1592 Neque
620 1523 719 1576 veroid
731 1523 843 1576 Hebraei
854 1529 953 1576 veteres
966 1541 1056 1578 omnes
1068 1523 1185 1578 arbitrati
1197 1533 1266 1581 sunt

97 1605 235 1676 Siquidem
244 1623 277 1660 ax
287 1605 378 1662 eedem
387 1606 486 1662 Davide
496 1613 596 1662 constat
608 1609 748 1662 nonnullos
760 1624 774 1660 e
785 1608 856 1660 tribu
866 1607 936 1672 Gad,
947 1609 1012 1662 abes
1025 1625 1040 1661 e
1050 1609 1120 1664 tribu
1129 1609 1267 1664 Beniamin

95 1690 182 1746 Aban
195 1691 333 1746 onuudum
345 1699 460 1762 putasse.
492 1693 550 1763 lpse
563 1699 651 1748 autem
662 1695 726 1748 certi
737 1691 801 1748 nibil
813 1691 934 1746 affirmat.
969 1692 1155 1748 HChristiania
1166 1702 1267 1765 preater
1338 1736 1344 1753 .

95 1775 288 1847 Epiphaniam,
308 1777 515 1832 Alexandrinum
532 1778 678 1832 Chronicou
695 1795 756 1849 pag.
771 1777 830 1832 376.
845 1777 1032 1834 sacerdotalem
1048 1779 1121 1834 illias
1139 1781 1267 1850 originem

96 1861 224 1918 adscribit
238 1861 361 1932 additque
373 1861 508 1918 Thiabiten
524 1863 621 1918 dietum
637 1863 756 1918 a'l'hisbi
771 1863 926 1918 sacerdotali
938 1865 1001 1918 urbe
1012 1865 1040 1918 in
1051 1866 1157 1920 Arabia.
1193 1864 1268 1930 Quod

97 1963 131 2002 ex
145 1948 216 2002 libre
233 1947 264 2001 de
276 1947 336 2004 Vita
351 1947 552 2019 Prophetarum,
568 1951 613 2019 qui
629 1949 768 2020 Epiphanii
779 1949 885 2004 nominc
896 1949 1054 2016 inscribitur,
1070 1957 1219 2006 mutuatum
1230 1951 1267 2004 vi·

96 2033 180 2088 dein.
204 2031 304 2102 Ἠλίας,
320 2035 419 2104 lnquit,
438 2031 598 2105 ὅπρορήτης·
612 2028 683 2095 οὗτος
695 2028 724 2100 ἦν
736 2033 764 2086 ἐκ
776 2033 889 2103 Θισβῶν,
908 2032 934 2086 la
947 2038 991 2104 γῆς
1004 2033 1128 2104 Ἀράβων,
1146 2033 1173 2088 da
1190 2035 1267 2107 ρνλῆς

97 2117 203 2190 Ἀαρὼν,
214 2118 327 2188 baulme,
339 2117 413 2174 olatiis
423 2117 447 2170 ἔν
456 2117 570 2188 Fuluii,
583 2115 644 2185 barb
654 2119 740 2188 Θέσβνς
753 2119 826 2190 δῶμα
838 2114 867 2185 ἦν
879 2123 930 2180 τοῖς
942 2119 1028 2191 ἱερεῦσι
1041 2121 1166 2192 δεδομένη.
1185 2121 1268 2186 Quem

97 2288 233 2360 prophetia
244 2289 422 2360 interpolavit,
434 2289 542 2344 mirifice
555 2295 667 2356 aestuat,
679 2296 709 2344 ut
718 2291 778 2344 illas
790 2307 881 2354 rocos,
893 2288 920 2344 ia
932 2295 977 2361 γῆς
989 2289 1110 2363 Ἀράβων,
1123 2300 1266 2364 expungat.

98 2373 172 2438 Quas
188 2373 295 2444 quidam
312 2373 461 2444 parenthesi
478 2375 596 2440 inclusit,
616 2381 646 2428 ut
663 2375 762 2430 abenas
783 2391 841 2430 esse
861 2377 1000 2448 significet.
1034 2377 1064 2430 Si
1081 2383 1158 2442 enin,
1175 2380 1267 2448 inquit,

101 2460 211 2512 Thisben
222 2465 251 2512 ira
261 2461 367 2514 Arcadia
384 2461 574 2525 collocabimus,
593 2479 640 2514 nort
658 2463 768 2531 ampliata
784 2463 821 2516 od
837 2465 905 2516 cinea
919 2463 1102 2526 Gilaoditicoa,
1118 2465 1159 2516 oel
1175 2465 1212 2516 ud
1226 2482 1266 2516 re·

96 2563 175 2614 ρονννι
186 2545 362 2600 lnoeliticom
370 2547 516 2616 parturiit.
538 2545 587 2600 Hie
602 2547 779 2600 nomentanam
796 2563 872 2600 suam
888 2546 999 2610 adtexit3
1017 2554 1044 2600 et
1055 2547 1173 2602 videlicet
1189 2563 1267 2618 quae-

97 2630 180 2686 renda
191 2632 295 2686 orento
306 2631 357 2686 fuit
368 2631 492 2686 adversus
504 2629 646 2686 monachos
658 2631 833 2696 declamandi,
846 2649 957 2701 qnorum
968 2635 1072 2686 inscitia
1081 2634 1196 2684 intrusae
1207 2633 1266 2686 ibas

98 2717 208 2772 roenna
218 2718 372 2790 suspicatur.
408 2717 473 2772 (inm
485 2718 555 2772 eninr
568 2713 594 2769 la
607 2715 683 2786 ρνλῆς
696 2714 792 2786 Ἀαρὼν
804 2717 942 2786 legeretur,
957 2718 1059 2785 aliaque
1076 2716 1109 2768 ad
1121 2717 1267 2785 marginem

98 2803 226 2858 adnotata
235 2803 304 2857 ieret
313 2803 405 2868 lectio,
413 2799 443 2854 la
455 2806 499 2872 γῆς
511 2799 632 2872 Ἀράβων,
645 2819 676 2854 eo
689 2809 828 2865 crescente,
846 2802 942 2872 inquit,
954 2801 1132 2854 monachornm
1144 2803 1267 2856 ductoria

98 2893 219 2960 {alpem
228 2893 327 2943 antarta
336 2895 475 2943 contectam
483 2891 654 2958 receptajiu't.
672 2885 723 2940 Sed
735 2887 763 2940 in
775 2902 807 2940 oa
817 2887 965 2940 coniectura
976 2901 1107 2939 summam
1118 2887 1166 2940 iste
1176 2893 1267 2958 pastor

98 2975 258 3045 inperitiam
269 2989 344 3028 suam
356 2989 387 3028 aa
397 2974 530 3028 levitatem
541 2973 648 3026 deurit.
664 2970 756 3041 Neque
768 2973 837 3026 enim
848 2971 924 3024 erivit
931 2971 1056 3024 Arabiam
1068 2971 1131 3024 olim
1138 2972 1266 3027 latissime

97 3059 228 3130 patuisse,
239 3065 270 3112 ut
279 3076 334 3114 non
345 3059 423 3114 modo
435 3058 659 3122 Tranaamuanae,
671 3074 718 3112 sou
729 3055 853 3121 Peraeae,
865 3056 991 3126 optimam
1002 3061 1117 3127 partem,
1129 3057 1174 3110 aed
1187 3059 1267 3114 etiam

99 3144 269 3200 Goelesiriam
281 3160 311 3199 ac
322 3144 479 3200 Damascum
491 3143 628 3214 complexe
639 3144 681 3196 sit.
709 3141 841 3212 siqnidem
854 3143 926 3211 regio
938 3143 996 3212 ipsa
1006 3141 1095 3196 Basan
1107 3149 1134 3194 et
1146 3142 1267 3198 Galaadi-

96 3229 132 3282 tis
144 3229 243 3284 Arabia
260 3231 447 3294 continebatur,
465 3235 556 3284 autore
573 3229 731 3297 Hieronymo
748 3229 775 3280 in
792 3245 820 3281 n.
836 3225 896 3280 an.
914 3233 940 3280 et
955 3229 984 3282 in
994 3227 1120 3292 Abdiam;
1138 3229 1182 3282 ubi
1200 3244 1266 3299 qaae

97 3315 172 3386 priua
183 3313 327 3369 recabatur
340 3314 450 3378 Galaad,
466 3329 524 3368 eam
535 3319 626 3384 postea
636 3315 797 3368 nominatam
809 3311 944 3376 Arabiam,
961 3319 987 3365 et
998 3321 1128 3383 postremo
1141 3330 1189 3368 suo
1201 3320 1265 3368 tem·

96 3415 162 3470 pora
181 3397 320 3466 Gerasam,
338 3401 465 3454 observat.
501 3399 539 3452 De
556 3397 684 3452 Damasco
696 3397 802 3452 Tertull.
815 3395 859 3451 lib.
871 3415 908 3450 ur.
921 3413 943 3449 c.
955 3397 1035 3451 Mare.
1054 3415 1110 3469 cap.
1122 3417 1190 3465 mn,
1209 3401 1265 3453 Do·

96 3502 214 3549 mour,
230 3485 327 3555 inquit,
343 3486 462 3538 Arabiae
479 3495 546 3538 retro
563 3483 739 3554 deputatutur,
758 3491 890 3550 autequam
908 3487 1066 3552 barracn'pta
1079 3495 1142 3537 earet
1152 3489 1179 3537 a'rr
1189 3485 1265 3556 Syro·

90 3571 246 3641 phoenicen.
269 3571 381 3624 Arabiae
392 3572 479 3640 itaque
491 3569 596 3622 nomine
612 3569 676 3622 liber
692 3569 735 3622 ille
753 3567 784 3620 de
801 3565 988 3637 Prophetarum
999 3568 1059 3622 Vita
1076 3569 1265 3625 Galaaditidem

95 3656 237 3709 intellexit
271 3657 306 3709 At
315 3653 450 3710 Himchius
461 3656 499 3707 ita
510 3656 674 3708 nominatum
686 3657 771 3724 putat:
791 3653 888 3716 ’ΠἯ
907 3660 997 3716 :mn
1017 3655 1161 3718 mmm
1178 3663 1265 3721 *qim

96 3754 210 3824 um:
229 3755 293 3810 :uss
311 3753 347 3844 ρ)
370 3755 460 3812 πηοεν
485 3721 588 3824 rubr-m
607 3748 723 3812 horest,
745 3749 777 3800 au
795 3747 868 3810 urae,
889 3751 916 3798 ω
933 3765 983 3816 qua
997 3754 1107 3818 parmam
1124 3750 1265 3812 laeuam,-

95 3845 166 3896 unde
173 3851 266 3913 perrea
280 3848 307 3896 r'n
322 3845 431 3896 Goluad
441 3847 570 3911 miqruer't.
594 3841 664 3907 Quae
682 3841 786 3912 quidem
802 3840 909 3894 Davidis
928 3842 1007 3894 verba
1023 3841 1092 3895 illies
1109 3841 1200 3897 levita
1215 3843 1265 3898 He·

94 3930 195 3982 braeus
212 3927 379 3982 doctissimus
394 3945 560 3999 nequaquam
575 3927 711 3982 intellexit.
746 3925 814 3978 Nam
830 3925 901 3980 illius
919 3928 1074 3979 sententiam
1091 3930 1129 3982 sic
1144 3931 1264 4000 exponit:

94 4037 164 4092 nm
187 4033 224 4125 qe
248 4037 338 4094 urm
357 4035 450 4092 :nun
469 4035 588 4093 oneo
611 4035 691 4092 ura:
713 4035 777 4088 :nr
800 4029 1019 4091 reimarus
1039 4035 1130 4091 ouon
1151 4005 1264 4122 pium

91 4104 186 4210 *mbr
205 4139 342 4196 a:orreum
360 4137 445 4224 nepe
465 4103 544 4204 aab
562 4135 653 4193 nuto
671 4101 718 4203 ab
736 4101 806 4201 bart
825 4101 941 4204 urban.
966 4131 1021 4186 noe
1034 4135 1083 4184 ese
1101 4131 1134 4186 n.
1149 4133 1181 4184 o.
1192 4133 1263 4186 nrm.

92 4217 143 4271 edi
153 4223 193 4271 er'c
205 4221 402 4288 interpretatur:
428 4217 501 4278 Quod
511 4219 584 4269 initio
595 4215 752 4268 Auditae-erit
761 4221 788 4268 ἑο
799 4217 872 4280 urbe,
890 4221 961 4270 cuiue
972 4235 1057 4270 nomeu
1070 4227 1128 4270 erut
1142 4217 1264 4286 Toretai,

84 4313 187 4375 postea
200 4307 299 4356 veroin
314 4303 422 4357 Galuud
431 4305 589 4371 mipraoera't.
619 4299 711 4354 Verum
728 4319 775 4354 non
793 4305 918 4372 explicat,
934 4321 1013 4372 quare
1029 4305 1113 4355 dictus
1128 4307 1162 4356 att
1176 4323 1206 4358 ex
1218 4305 1264 4358 lra-

91 4389 254 4444 birotorr‘bue
265 4389 379 4444 Guluod.
396 4388 476 4459 Atqui
487 4387 568 4450 aliter,
580 4386 631 4440 nisi
642 4385 727 4449 fallor,
738 4385 872 4440 Himohius
883 4385 1048 4458 accipiendus
1061 4393 1107 4441 est
1124 4387 1182 4442 Non
1195 4392 1264 4444 enim

90 4481 297 4530 censetnoman
306 4474 377 4528 urbis
388 4473 470 4528 luisse
483 4477 588 4536 amitt,
601 4469 670 4542 quod
679 4471 821 4525 absordum
831 4477 881 4537 est,
893 4471 939 4524 aed
947 4473 998 4538 ibi,
1009 4473 1037 4526 in
1047 4489 1078 4526 ea
1087 4474 1184 4528 scilicet
1193 4477 1264 4540 urbe,

89 4561 149 4616 hoc
167 4557 324 4626 estTliiabi‚
341 4559 468 4630 principio
485 4557 641 4612 consedisse.
677 4557 761 4622 Quare
778 4556 917 4628 legendum
936 4563 976 4612 ast
992 4543 1082 4648 ξυρῷ
1098 4577 1151 4613 οων
1168 4548 1263 4649 nepai.

152 4707 220 4758 cam.
235 4707 404 4750 norsuoanu
1038 4694 1062 4748 N
