<?xml version="1.0" encoding="UTF-8"?>
<!DOCTYPE html PUBLIC "-//W3C//DTD XHTML 1.0 Transitional//EN"
    "http://www.w3.org/TR/xhtml1/DTD/xhtml1-transitional.dtd">
<html xmlns="http://www.w3.org/1999/xhtml" xml:lang="en" lang="en">
 <head>
  <title>
</title>
<meta http-equiv="Content-Type" content="text/html;charset=utf-8" />
  <meta name='ocr-system' content='tesseract 3.04.00' />
  <meta name='ocr-capabilities' content='ocr_page ocr_carea ocr_par ocr_line ocrx_word'/>
</head>
<body>
  <div class='ocr_page' id='page_1' title='image "./corporishaerese05oehlgoog_0195.png"; bbox 0 0 3126 5046; ppageno 0'>
   <div class='ocr_carea' id='block_1_1' title="bbox 289 323 436 380">
    <p class='ocr_par' dir='ltr' id='par_1_1' title="bbox 289 323 436 380">
     <span class='ocr_line' id='line_1_1' title="bbox 289 323 436 380; baseline 0 0"><span class='ocrx_word' id='word_1_1' title='bbox 289 323 436 380; x_wconf 75' lang='lat' dir='ltr'><strong>Olmii</strong></span> 
     </span>
    </p>
   </div>
   <div class='ocr_carea' id='block_1_2' title="bbox 285 479 1458 2952">
    <p class='ocr_par' dir='ltr' id='par_1_2' title="bbox 285 479 1453 2522">
     <span class='ocr_line' id='line_1_2' title="bbox 287 479 1444 556; baseline 0.006 -23"><span class='ocrx_word' id='word_1_2' title='bbox 287 481 333 534; x_wconf 87' lang='lat' dir='ltr'><strong>nbi</strong></span> <span class='ocrx_word' id='word_1_3' title='bbox 348 479 417 534; x_wconf 91' lang='lat' dir='ltr'><strong>diem</strong></span> <span class='ocrx_word' id='word_1_4' title='bbox 431 479 530 534; x_wconf 80' lang='lat' dir='ltr'><strong>testum</strong></span> <span class='ocrx_word' id='word_1_5' title='bbox 546 479 700 536; x_wconf 76' lang='lat' dir='ltr'><strong>ludaeorum</strong></span> <span class='ocrx_word' id='word_1_6' title='bbox 715 483 846 547; x_wconf 66' lang='lat' dir='ltr'><strong>neminen</strong></span> <span class='ocrx_word' id='word_1_7' title='bbox 864 497 978 553; x_wconf 86' lang='lat' dir='ltr'><strong>quocum</strong></span> <span class='ocrx_word' id='word_1_8' title='bbox 995 483 1106 538; x_wconf 53' lang='lat' dir='ltr'><strong>merum</strong></span> <span class='ocrx_word' id='word_1_9' title='bbox 1121 483 1214 556; x_wconf 84' lang='lat' dir='ltr'><strong>capitis</strong></span> <span class='ocrx_word' id='word_1_10' title='bbox 1225 501 1261 540; x_wconf 84' lang='lat' dir='ltr'><strong>vr.</strong></span> <span class='ocrx_word' id='word_1_11' title='bbox 1279 501 1346 541; x_wconf 86' lang='lat' dir='ltr'><strong>oum.</strong></span> <span class='ocrx_word' id='word_1_12' title='bbox 1355 486 1379 541; x_wconf 80' lang='lat'><strong>4.</strong></span> <span class='ocrx_word' id='word_1_13' title='bbox 1390 501 1444 540; x_wconf 91' lang='lat' dir='ltr'><strong>oon·</strong></span> 
     </span>
     <span class='ocr_line' id='line_1_3' title="bbox 286 565 1445 640; baseline 0.005 -20"><span class='ocrx_word' id='word_1_14' title='bbox 286 565 384 631; x_wconf 80' lang='lat' dir='ltr'><strong>fandit,</strong></span> <span class='ocrx_word' id='word_1_15' title='bbox 396 572 456 620; x_wconf 86' lang='lat' dir='ltr'><strong>ante</strong></span> <span class='ocrx_word' id='word_1_16' title='bbox 468 567 537 637; x_wconf 89' lang='lat' dir='ltr'><strong>quod</strong></span> <span class='ocrx_word' id='word_1_17' title='bbox 548 569 779 639; x_wconf 74' lang='lat' dir='ltr'><strong>multiplicaturum</strong></span> <span class='ocrx_word' id='word_1_18' title='bbox 790 584 888 639; x_wconf 85' lang='lat' dir='ltr'><strong>panum</strong></span> <span class='ocrx_word' id='word_1_19' title='bbox 897 568 1047 640; x_wconf 88' lang='lat' dir='ltr'><strong>prodigium</strong></span> <span class='ocrx_word' id='word_1_20' title='bbox 1060 569 1159 625; x_wconf 74' lang='lat' dir='ltr'><strong>eccidit.</strong></span> <span class='ocrx_word' id='word_1_21' title='bbox 1177 571 1223 624; x_wconf 84' lang='lat' dir='ltr'><strong>liis</strong></span> <span class='ocrx_word' id='word_1_22' title='bbox 1236 571 1338 625; x_wconf 84' lang='lat' dir='ltr'><strong>duobus</strong></span> <span class='ocrx_word' id='word_1_23' title='bbox 1349 571 1445 626; x_wconf 81' lang='lat' dir='ltr'><strong>subiicit</strong></span> 
     </span>
     <span class='ocr_line' id='line_1_4' title="bbox 287 651 1445 726; baseline 0.009 -24"><span class='ocrx_word' id='word_1_24' title='bbox 287 651 315 703; x_wconf 78' lang='lat' dir='ltr'><strong>ri</strong></span> <span class='ocrx_word' id='word_1_25' title='bbox 329 651 509 723; x_wconf 80' lang='grc' dir='ltr'>σταυρώσιμον.</span> <span class='ocrx_word' id='word_1_26' title='bbox 544 653 625 707; x_wconf 86' lang='lat' dir='ltr'>Miror</span> <span class='ocrx_word' id='word_1_27' title='bbox 636 652 705 706; x_wconf 87' lang='lat' dir='ltr'><strong>hunc</strong></span> <span class='ocrx_word' id='word_1_28' title='bbox 715 653 814 707; x_wconf 79' lang='lat' dir='ltr'><strong>hennei</strong></span> <span class='ocrx_word' id='word_1_29' title='bbox 824 653 912 707; x_wconf 87' lang='lat' dir='ltr'><strong>locum</strong></span> <span class='ocrx_word' id='word_1_30' title='bbox 923 669 979 707; x_wconf 89' lang='lat' dir='ltr'><strong>nun</strong></span> <span class='ocrx_word' id='word_1_31' title='bbox 990 655 1055 710; x_wconf 80' lang='lat' dir='ltr'><strong>satis</strong></span> <span class='ocrx_word' id='word_1_32' title='bbox 1067 655 1235 726; x_wconf 83' lang='lat' dir='ltr'><strong>expendisse,</strong></span> <span class='ocrx_word' id='word_1_33' title='bbox 1252 657 1296 726; x_wconf 87' lang='lat' dir='ltr'><strong>qui</strong></span> <span class='ocrx_word' id='word_1_34' title='bbox 1311 657 1445 712; x_wconf 82' lang='lat' dir='ltr'><strong>secundum</strong></span> 
     </span>
     <span class='ocr_line' id='line_1_5' title="bbox 285 736 1446 813; baseline 0.004 -22"><span class='ocrx_word' id='word_1_35' title='bbox 285 736 386 810; x_wconf 81' lang='lat' dir='ltr'><strong>perche</strong></span> <span class='ocrx_word' id='word_1_36' title='bbox 397 754 431 792; x_wconf 85' lang='lat' dir='ltr'><strong>ex</strong></span> <span class='ocrx_word' id='word_1_37' title='bbox 442 739 512 792; x_wconf 91' lang='lat' dir='ltr'><strong>illius</strong></span> <span class='ocrx_word' id='word_1_38' title='bbox 526 740 663 793; x_wconf 72' lang='lat' dir='ltr'><strong>autoritate</strong></span> <span class='ocrx_word' id='word_1_39' title='bbox 675 741 837 794; x_wconf 88' lang='lat' dir='ltr'><strong>constituunt</strong></span> <span class='ocrx_word' id='word_1_40' title='bbox 846 738 917 792; x_wconf 84' lang='lat' dir='ltr'><strong>istud</strong></span> <span class='ocrx_word' id='word_1_41' title='bbox 928 740 1031 810; x_wconf 85' lang='lat' dir='ltr'><strong>ipsum,</strong></span> <span class='ocrx_word' id='word_1_42' title='bbox 1047 747 1078 794; x_wconf 86' lang='lat' dir='ltr'><strong>‹te</strong></span> <span class='ocrx_word' id='word_1_43' title='bbox 1094 755 1146 811; x_wconf 90' lang='lat' dir='ltr'><strong>quo</strong></span> <span class='ocrx_word' id='word_1_44' title='bbox 1158 741 1248 796; x_wconf 87' lang='lat' dir='ltr'><strong>lusnn.</strong></span> <span class='ocrx_word' id='word_1_45' title='bbox 1260 757 1352 813; x_wconf 72' lang='lat' dir='ltr'><strong>caps.</strong></span> <span class='ocrx_word' id='word_1_46' title='bbox 1374 742 1409 796; x_wconf 84' lang='lat' dir='ltr'><strong>lte</strong></span> <span class='ocrx_word' id='word_1_47' title='bbox 1419 747 1446 798; x_wconf 86' lang='lat' dir='ltr'><strong>ut</strong></span> 
     </span>
     <span class='ocr_line' id='line_1_6' title="bbox 286 824 1445 882; baseline 0.005 -6"><span class='ocrx_word' id='word_1_48' title='bbox 286 824 392 877; x_wconf 89' lang='lat' dir='ltr'><strong>tertium</strong></span> <span class='ocrx_word' id='word_1_49' title='bbox 404 825 439 876; x_wconf 85' lang='lat' dir='ltr'><strong>sit</strong></span> <span class='ocrx_word' id='word_1_50' title='bbox 450 825 524 878; x_wconf 90' lang='lat' dir='ltr'><strong>cuins</strong></span> <span class='ocrx_word' id='word_1_51' title='bbox 535 824 624 878; x_wconf 90' lang='lat' dir='ltr'><strong>loann.</strong></span> <span class='ocrx_word' id='word_1_52' title='bbox 633 841 668 878; x_wconf 83' lang='lat' dir='ltr'><strong>rr.</strong></span> <span class='ocrx_word' id='word_1_53' title='bbox 680 825 779 880; x_wconf 87' lang='lat' dir='ltr'><strong>mentio</strong></span> <span class='ocrx_word' id='word_1_54' title='bbox 794 825 833 880; x_wconf 89' lang='lat' dir='ltr'><strong>fit.</strong></span> <span class='ocrx_word' id='word_1_55' title='bbox 868 825 972 880; x_wconf 77' lang='lat' dir='ltr'><strong>Etenim</strong></span> <span class='ocrx_word' id='word_1_56' title='bbox 988 826 1011 879; x_wconf 91' lang='lat' dir='ltr'><strong>si</strong></span> <span class='ocrx_word' id='word_1_57' title='bbox 1029 825 1079 879; x_wconf 88' lang='lat' dir='ltr'><strong>duo</strong></span> <span class='ocrx_word' id='word_1_58' title='bbox 1095 825 1160 880; x_wconf 84' lang='lat' dir='ltr'><strong>heac</strong></span> <span class='ocrx_word' id='word_1_59' title='bbox 1174 826 1244 880; x_wconf 82' lang='lat' dir='ltr'><strong>testa</strong></span> <span class='ocrx_word' id='word_1_60' title='bbox 1259 827 1379 882; x_wconf 79' lang='lat' dir='ltr'><strong>distincta</strong></span> <span class='ocrx_word' id='word_1_61' title='bbox 1393 845 1445 882; x_wconf 87' lang='lat' dir='ltr'><strong>esee</strong></span> 
     </span>
     <span class='ocr_line' id='line_1_7' title="bbox 287 909 1446 982; baseline 0.005 -20"><span class='ocrx_word' id='word_1_62' title='bbox 287 909 439 964; x_wconf 88' lang='lat' dir='ltr'><strong>credidisset</strong></span> <span class='ocrx_word' id='word_1_63' title='bbox 450 911 584 976; x_wconf 87' lang='lat' dir='ltr'><strong>Ireneeus,</strong></span> <span class='ocrx_word' id='word_1_64' title='bbox 600 927 661 964; x_wconf 87' lang='lat' dir='ltr'><strong>oum</strong></span> <span class='ocrx_word' id='word_1_65' title='bbox 676 911 772 982; x_wconf 77' lang='lat' dir='ltr'><strong>trIplex</strong></span> <span class='ocrx_word' id='word_1_66' title='bbox 787 911 916 965; x_wconf 70' lang='lat' dir='ltr'><strong>dosunt</strong></span> <span class='ocrx_word' id='word_1_67' title='bbox 925 909 1023 981; x_wconf 87' lang='lat' dir='ltr'><strong>pascha</strong></span> <span class='ocrx_word' id='word_1_68' title='bbox 1033 911 1220 982; x_wconf 86' lang='lat' dir='ltr'><strong>praedicationi</strong></span> <span class='ocrx_word' id='word_1_69' title='bbox 1234 913 1370 979; x_wconf 79' lang='lat' dir='ltr'><strong>tribueret,</strong></span> <span class='ocrx_word' id='word_1_70' title='bbox 1386 929 1446 968; x_wconf 86' lang='lat' dir='ltr'><strong>nun·</strong></span> 
     </span>
     <span class='ocr_line' id='line_1_8' title="bbox 288 995 1446 1070; baseline 0.005 -22"><span class='ocrx_word' id='word_1_71' title='bbox 288 1013 366 1067; x_wconf 82' lang='lat' dir='ltr'><strong>quern</strong></span> <span class='ocrx_word' id='word_1_72' title='bbox 377 998 449 1067; x_wconf 90' lang='lat' dir='ltr'><strong>prius</strong></span> <span class='ocrx_word' id='word_1_73' title='bbox 460 995 525 1050; x_wconf 90' lang='lat' dir='ltr'><strong>illud</strong></span> <span class='ocrx_word' id='word_1_74' title='bbox 536 996 633 1050; x_wconf 83' lang='lat' dir='ltr'><strong>testum</strong></span> <span class='ocrx_word' id='word_1_75' title='bbox 644 997 734 1050; x_wconf 86' lang='lat' dir='ltr'><strong>leenn.</strong></span> <span class='ocrx_word' id='word_1_76' title='bbox 744 1015 768 1052; x_wconf 82' lang='lat' dir='ltr'><strong>r.</strong></span> <span class='ocrx_word' id='word_1_77' title='bbox 780 995 879 1066; x_wconf 87' lang='lat' dir='ltr'><strong>pascha</strong></span> <span class='ocrx_word' id='word_1_78' title='bbox 890 1013 948 1050; x_wconf 91' lang='lat' dir='ltr'><strong>esee</strong></span> <span class='ocrx_word' id='word_1_79' title='bbox 960 996 1077 1052; x_wconf 73' lang='lat' dir='ltr'><strong>dixisset.</strong></span> <span class='ocrx_word' id='word_1_80' title='bbox 1112 997 1164 1050; x_wconf 81' lang='lat' dir='ltr'><strong>Sed</strong></span> <span class='ocrx_word' id='word_1_81' title='bbox 1179 998 1277 1068; x_wconf 86' lang='lat' dir='ltr'><strong>largius</strong></span> <span class='ocrx_word' id='word_1_82' title='bbox 1292 1005 1383 1070; x_wconf 75' lang='lat' dir='ltr'><strong>peccet</strong></span> <span class='ocrx_word' id='word_1_83' title='bbox 1392 999 1446 1070; x_wconf 84' lang='lat' dir='ltr'><strong>lipi-</strong></span> 
     </span>
     <span class='ocr_line' id='line_1_9' title="bbox 286 1081 1448 1160; baseline 0.005 -26"><span class='ocrx_word' id='word_1_84' title='bbox 286 1081 412 1152; x_wconf 86' lang='lat' dir='ltr'><strong>phanius,</strong></span> <span class='ocrx_word' id='word_1_85' title='bbox 425 1084 470 1153; x_wconf 92' lang='lat' dir='ltr'><strong>qui</strong></span> <span class='ocrx_word' id='word_1_86' title='bbox 481 1099 554 1136; x_wconf 88' lang='lat' dir='ltr'><strong>num.</strong></span> <span class='ocrx_word' id='word_1_87' title='bbox 563 1101 625 1135; x_wconf 79' lang='lat' dir='ltr'>xxv.</span> <span class='ocrx_word' id='word_1_88' title='bbox 637 1083 749 1152; x_wconf 89' lang='lat' dir='ltr'><strong>primum</strong></span> <span class='ocrx_word' id='word_1_89' title='bbox 761 1081 859 1152; x_wconf 87' lang='lat' dir='ltr'><strong>pascha</strong></span> <span class='ocrx_word' id='word_1_90' title='bbox 868 1082 966 1135; x_wconf 83' lang='lat' dir='ltr'><strong>festum</strong></span> <span class='ocrx_word' id='word_1_91' title='bbox 977 1081 1042 1135; x_wconf 90' lang='lat' dir='ltr'><strong>illud</strong></span> <span class='ocrx_word' id='word_1_92' title='bbox 1052 1081 1170 1160; x_wconf 31' lang='lat' dir='ltr'><strong>iacit,.in</strong></span> <span class='ocrx_word' id='word_1_93' title='bbox 1182 1099 1234 1154; x_wconf 89' lang='lat' dir='ltr'><strong>quo</strong></span> <span class='ocrx_word' id='word_1_94' title='bbox 1246 1085 1400 1140; x_wconf 72' lang='lat' dir='ltr'><strong>recideretur</strong></span> <span class='ocrx_word' id='word_1_95' title='bbox 1411 1091 1448 1140; x_wconf 86' lang='lat' dir='ltr'><strong>eet</strong></span> 
     </span>
     <span class='ocr_line' id='line_1_10' title="bbox 288 1166 1446 1243; baseline 0.003 -21"><span class='ocrx_word' id='word_1_96' title='bbox 288 1167 417 1233; x_wconf 70' lang='lat' dir='ltr'><strong>Christus,</strong></span> <span class='ocrx_word' id='word_1_97' title='bbox 428 1172 452 1220; x_wconf 79' lang='lat' dir='ltr'><strong>si</strong></span> <span class='ocrx_word' id='word_1_98' title='bbox 459 1172 515 1238; x_wconf 79' lang='lat' dir='ltr'><strong>quie</strong></span> <span class='ocrx_word' id='word_1_99' title='bbox 522 1172 577 1220; x_wconf 79' lang='lat' dir='ltr'><strong>sitit</strong></span> <span class='ocrx_word' id='word_1_100' title='bbox 587 1171 675 1220; x_wconf 73' lang='lat' dir='ltr'><strong>seruat</strong></span> <span class='ocrx_word' id='word_1_101' title='bbox 686 1169 723 1220; x_wconf 85' lang='lat' dir='ltr'><strong>od</strong></span> <span class='ocrx_word' id='word_1_102' title='bbox 733 1183 771 1219; x_wconf 83' lang='lat' dir='ltr'><strong>ms</strong></span> <span class='ocrx_word' id='word_1_103' title='bbox 783 1177 808 1220; x_wconf 78' lang='lat' dir='ltr'><strong>et</strong></span> <span class='ocrx_word' id='word_1_104' title='bbox 818 1169 895 1222; x_wconf 77' lang='lat' dir='ltr'><strong>bibat.</strong></span> <span class='ocrx_word' id='word_1_105' title='bbox 913 1167 1003 1220; x_wconf 86' lang='lat' dir='ltr'><strong>loann.</strong></span> <span class='ocrx_word' id='word_1_106' title='bbox 1012 1185 1059 1232; x_wconf 85' lang='lat' dir='ltr'><strong>vrr,</strong></span> <span class='ocrx_word' id='word_1_107' title='bbox 1071 1166 1112 1222; x_wconf 81' lang='lat' dir='ltr'><strong>et.</strong></span> <span class='ocrx_word' id='word_1_108' title='bbox 1145 1169 1262 1223; x_wconf 81' lang='lat' dir='ltr'><strong>Alterum</strong></span> <span class='ocrx_word' id='word_1_109' title='bbox 1272 1187 1347 1236; x_wconf 83' lang='lat' dir='ltr'><strong>reru,</strong></span> <span class='ocrx_word' id='word_1_110' title='bbox 1358 1171 1389 1226; x_wconf 87' lang='lat' dir='ltr'><strong>ds</strong></span> <span class='ocrx_word' id='word_1_111' title='bbox 1400 1189 1446 1243; x_wconf 89' lang='lat' dir='ltr'><strong>quo</strong></span> 
     </span>
     <span class='ocr_line' id='line_1_11' title="bbox 287 1253 1447 1324; baseline 0.004 -18"><span class='ocrx_word' id='word_1_112' title='bbox 287 1253 315 1307; x_wconf 91' lang='lat' dir='ltr'><strong>iu</strong></span> <span class='ocrx_word' id='word_1_113' title='bbox 327 1255 416 1308; x_wconf 88' lang='lat' dir='ltr'><strong>eudem</strong></span> <span class='ocrx_word' id='word_1_114' title='bbox 428 1269 484 1324; x_wconf 79' lang='lat' dir='ltr'><strong>cup.</strong></span> <span class='ocrx_word' id='word_1_115' title='bbox 497 1253 575 1318; x_wconf 82' lang='lat' dir='ltr'><strong>dixit,</strong></span> <span class='ocrx_word' id='word_1_116' title='bbox 592 1271 640 1306; x_wconf 82' lang='lat' dir='ltr'><strong>non</strong></span> <span class='ocrx_word' id='word_1_117' title='bbox 652 1255 762 1306; x_wconf 84' lang='lat' dir='ltr'><strong>ascendo</strong></span> <span class='ocrx_word' id='word_1_118' title='bbox 774 1254 812 1305; x_wconf 84' lang='lat' dir='ltr'><strong>ud</strong></span> <span class='ocrx_word' id='word_1_119' title='bbox 822 1255 887 1306; x_wconf 80' lang='lat' dir='ltr'><strong>cllum</strong></span> <span class='ocrx_word' id='word_1_120' title='bbox 893 1257 988 1322; x_wconf 84' lang='lat' dir='ltr'><strong>sectum</strong></span> <span class='ocrx_word' id='word_1_121' title='bbox 999 1257 1083 1308; x_wconf 77' lang='lat' dir='ltr'><strong>istam.</strong></span> <span class='ocrx_word' id='word_1_122' title='bbox 1116 1253 1147 1306; x_wconf 86' lang='lat' dir='ltr'><strong>In</strong></span> <span class='ocrx_word' id='word_1_123' title='bbox 1161 1269 1213 1324; x_wconf 91' lang='lat' dir='ltr'><strong>quc</strong></span> <span class='ocrx_word' id='word_1_124' title='bbox 1225 1256 1305 1309; x_wconf 81' lang='lat' dir='ltr'><strong>etiam</strong></span> <span class='ocrx_word' id='word_1_125' title='bbox 1316 1273 1377 1310; x_wconf 85' lang='lat' dir='ltr'><strong>cum</strong></span> <span class='ocrx_word' id='word_1_126' title='bbox 1387 1257 1447 1311; x_wconf 82' lang='lat' dir='ltr'><strong>Pita-</strong></span> 
     </span>
     <span class='ocr_line' id='line_1_12' title="bbox 287 1337 1449 1409; baseline 0.005 -17"><span class='ocrx_word' id='word_1_127' title='bbox 287 1340 364 1392; x_wconf 85' lang='lat' dir='ltr'><strong>rieeei</strong></span> <span class='ocrx_word' id='word_1_128' title='bbox 376 1337 592 1409; x_wconf 89' lang='lat' dir='ltr'><strong>comprehendere</strong></span> <span class='ocrx_word' id='word_1_129' title='bbox 603 1339 677 1392; x_wconf 89' lang='lat' dir='ltr'><strong>illum</strong></span> <span class='ocrx_word' id='word_1_130' title='bbox 689 1343 827 1409; x_wconf 90' lang='lat' dir='ltr'><strong>cuperent,</strong></span> <span class='ocrx_word' id='word_1_131' title='bbox 844 1343 917 1392; x_wconf 90' lang='lat' dir='ltr'><strong>metu</strong></span> <span class='ocrx_word' id='word_1_132' title='bbox 928 1339 1041 1408; x_wconf 72' lang='lat' dir='ltr'><strong>repressi</strong></span> <span class='ocrx_word' id='word_1_133' title='bbox 1052 1343 1127 1403; x_wconf 87' lang='lat' dir='ltr'><strong>sunt,</strong></span> <span class='ocrx_word' id='word_1_134' title='bbox 1144 1355 1211 1394; x_wconf 88' lang='lat' dir='ltr'><strong>uum.</strong></span> <span class='ocrx_word' id='word_1_135' title='bbox 1220 1340 1262 1395; x_wconf 76' lang='lat'><strong>44.</strong></span> <span class='ocrx_word' id='word_1_136' title='bbox 1297 1343 1383 1396; x_wconf 78' lang='lat' dir='ltr'><strong>Multa</strong></span> <span class='ocrx_word' id='word_1_137' title='bbox 1392 1349 1449 1398; x_wconf 86' lang='lat' dir='ltr'><strong>sunt</strong></span> 
     </span>
     <span class='ocr_line' id='line_1_13' title="bbox 288 1425 1448 1500; baseline 0.006 -24"><span class='ocrx_word' id='word_1_138' title='bbox 288 1425 486 1478; x_wconf 74' lang='lat' dir='ltr'><strong>assuetissimis</strong></span> <span class='ocrx_word' id='word_1_139' title='bbox 499 1425 615 1495; x_wconf 83' lang='lat' dir='ltr'><strong>putribus</strong></span> <span class='ocrx_word' id='word_1_140' title='bbox 633 1439 822 1493; x_wconf 86' lang='lat' dir='ltr'><strong>nunnunquam</strong></span> <span class='ocrx_word' id='word_1_141' title='bbox 839 1439 932 1494; x_wconf 83' lang='lat' dir='ltr'><strong>perum</strong></span> <span class='ocrx_word' id='word_1_142' title='bbox 943 1440 1004 1478; x_wconf 84' lang='lat' dir='ltr'><strong>rere</strong></span> <span class='ocrx_word' id='word_1_143' title='bbox 1021 1429 1171 1494; x_wconf 77' lang='lat' dir='ltr'><strong>attenteque</strong></span> <span class='ocrx_word' id='word_1_144' title='bbox 1187 1427 1297 1496; x_wconf 87' lang='lat' dir='ltr'><strong>scripta;</strong></span> <span class='ocrx_word' id='word_1_145' title='bbox 1315 1444 1381 1499; x_wconf 84' lang='lat' dir='ltr'><strong>quas</strong></span> <span class='ocrx_word' id='word_1_146' title='bbox 1396 1430 1448 1500; x_wconf 89' lang='lat' dir='ltr'><strong>qui·</strong></span> 
     </span>
     <span class='ocr_line' id='line_1_14' title="bbox 288 1509 1449 1580; baseline 0.005 -17"><span class='ocrx_word' id='word_1_147' title='bbox 288 1509 346 1563; x_wconf 90' lang='lat' dir='ltr'><strong>dem</strong></span> <span class='ocrx_word' id='word_1_148' title='bbox 357 1516 488 1580; x_wconf 77' lang='lat' dir='ltr'><strong>praestare</strong></span> <span class='ocrx_word' id='word_1_149' title='bbox 500 1511 577 1576; x_wconf 85' lang='lat' dir='ltr'><strong>velle,</strong></span> <span class='ocrx_word' id='word_1_150' title='bbox 593 1510 710 1580; x_wconf 82' lang='lat' dir='ltr'><strong>religiosi</strong></span> <span class='ocrx_word' id='word_1_151' title='bbox 720 1509 845 1574; x_wconf 83' lang='lat' dir='ltr'><strong>fortasse,</strong></span> <span class='ocrx_word' id='word_1_152' title='bbox 863 1509 908 1562; x_wconf 88' lang='lat' dir='ltr'><strong>sed</strong></span> <span class='ocrx_word' id='word_1_153' title='bbox 925 1525 1018 1580; x_wconf 86' lang='lat' dir='ltr'><strong>parum</strong></span> <span class='ocrx_word' id='word_1_154' title='bbox 1035 1509 1168 1580; x_wconf 85' lang='lat' dir='ltr'><strong>prudentis</strong></span> <span class='ocrx_word' id='word_1_155' title='bbox 1180 1527 1237 1565; x_wconf 89' lang='lat' dir='ltr'><strong>esse</strong></span> <span class='ocrx_word' id='word_1_156' title='bbox 1249 1513 1368 1580; x_wconf 81' lang='lat' dir='ltr'><strong>arbitror,</strong></span> <span class='ocrx_word' id='word_1_157' title='bbox 1378 1513 1449 1568; x_wconf 84' lang='lat' dir='ltr'><strong>rehe-</strong></span> 
     </span>
     <span class='ocr_line' id='line_1_15' title="bbox 286 1594 1449 1670; baseline 0.003 -22"><span class='ocrx_word' id='word_1_158' title='bbox 286 1597 399 1649; x_wconf 87' lang='lat' dir='ltr'><strong>mentine</strong></span> <span class='ocrx_word' id='word_1_159' title='bbox 412 1601 500 1650; x_wconf 84' lang='lat' dir='ltr'><strong>eutem</strong></span> <span class='ocrx_word' id='word_1_160' title='bbox 512 1611 647 1660; x_wconf 82' lang='lat' dir='ltr'><strong>accusare,</strong></span> <span class='ocrx_word' id='word_1_161' title='bbox 659 1611 745 1665; x_wconf 92' lang='lat' dir='ltr'><strong>neque</strong></span> <span class='ocrx_word' id='word_1_162' title='bbox 755 1594 872 1664; x_wconf 80' lang='lat' dir='ltr'><strong>religiosi</strong></span> <span class='ocrx_word' id='word_1_163' title='bbox 883 1611 969 1665; x_wconf 91' lang='lat' dir='ltr'><strong>neque</strong></span> <span class='ocrx_word' id='word_1_164' title='bbox 981 1595 1121 1666; x_wconf 88' lang='lat' dir='ltr'><strong>prudentia.</strong></span> <span class='ocrx_word' id='word_1_165' title='bbox 1155 1595 1209 1650; x_wconf 88' lang='lat' dir='ltr'><strong>Nus</strong></span> <span class='ocrx_word' id='word_1_166' title='bbox 1222 1611 1265 1662; x_wconf 80' lang='lat' dir='ltr'><strong>ea,</strong></span> <span class='ocrx_word' id='word_1_167' title='bbox 1282 1615 1336 1668; x_wconf 87' lang='lat' dir='ltr'><strong>qua</strong></span> <span class='ocrx_word' id='word_1_168' title='bbox 1346 1615 1394 1670; x_wconf 87' lang='lat' dir='ltr'><strong>psr</strong></span> <span class='ocrx_word' id='word_1_169' title='bbox 1403 1605 1449 1668; x_wconf 72' lang='lat' dir='ltr'><strong>eet,</strong></span> 
     </span>
     <span class='ocr_line' id='line_1_16' title="bbox 287 1679 1450 1753; baseline 0.004 -18"><span class='ocrx_word' id='word_1_170' title='bbox 287 1682 463 1736; x_wconf 75' lang='lat' dir='ltr'><strong>moderatione</strong></span> <span class='ocrx_word' id='word_1_171' title='bbox 475 1682 502 1735; x_wconf 92' lang='lat' dir='ltr'><strong>in</strong></span> <span class='ocrx_word' id='word_1_172' title='bbox 514 1681 661 1735; x_wconf 78' lang='lat' dir='ltr'><strong>divinorum</strong></span> <span class='ocrx_word' id='word_1_173' title='bbox 671 1679 820 1745; x_wconf 88' lang='lat' dir='ltr'><strong>hominum,</strong></span> <span class='ocrx_word' id='word_1_174' title='bbox 837 1679 883 1733; x_wconf 88' lang='lat' dir='ltr'><strong>sed</strong></span> <span class='ocrx_word' id='word_1_175' title='bbox 894 1679 1043 1744; x_wconf 90' lang='lat' dir='ltr'><strong>homiuum,</strong></span> <span class='ocrx_word' id='word_1_176' title='bbox 1061 1697 1160 1734; x_wconf 88' lang='lat' dir='ltr'><strong>errores</strong></span> <span class='ocrx_word' id='word_1_177' title='bbox 1179 1697 1209 1734; x_wconf 85' lang='lat' dir='ltr'><strong>ac</strong></span> <span class='ocrx_word' id='word_1_178' title='bbox 1225 1683 1315 1753; x_wconf 89' lang='lat' dir='ltr'><strong>lnpeus</strong></span> <span class='ocrx_word' id='word_1_179' title='bbox 1331 1701 1385 1739; x_wconf 90' lang='lat' dir='ltr'><strong>nun</strong></span> <span class='ocrx_word' id='word_1_180' title='bbox 1397 1692 1450 1740; x_wconf 82' lang='lat' dir='ltr'><strong>tam</strong></span> 
     </span>
     <span class='ocr_line' id='line_1_17' title="bbox 286 1765 1448 1838; baseline 0.003 -16"><span class='ocrx_word' id='word_1_181' title='bbox 286 1768 452 1838; x_wconf 88' lang='lat' dir='ltr'><strong>inquirimus,</strong></span> <span class='ocrx_word' id='word_1_182' title='bbox 471 1783 549 1838; x_wconf 86' lang='lat' dir='ltr'><strong>quam</strong></span> <span class='ocrx_word' id='word_1_183' title='bbox 566 1768 666 1821; x_wconf 89' lang='lat' dir='ltr'><strong>oblatus</strong></span> <span class='ocrx_word' id='word_1_184' title='bbox 677 1767 745 1820; x_wconf 87' lang='lat' dir='ltr'><strong>ultro</strong></span> <span class='ocrx_word' id='word_1_185' title='bbox 767 1783 797 1818; x_wconf 89' lang='lat' dir='ltr'><strong>ae</strong></span> <span class='ocrx_word' id='word_1_186' title='bbox 813 1767 855 1819; x_wconf 84' lang='lat' dir='ltr'><strong>rel</strong></span> <span class='ocrx_word' id='word_1_187' title='bbox 870 1765 959 1820; x_wconf 76' lang='lat' dir='ltr'><strong>inritis</strong></span> <span class='ocrx_word' id='word_1_188' title='bbox 978 1769 1154 1831; x_wconf 87' lang='lat' dir='ltr'><strong>occurrentes,</strong></span> <span class='ocrx_word' id='word_1_189' title='bbox 1177 1783 1211 1820; x_wconf 90' lang='lat' dir='ltr'><strong>ne</strong></span> <span class='ocrx_word' id='word_1_190' title='bbox 1231 1768 1273 1821; x_wconf 87' lang='lat' dir='ltr'><strong>cui</strong></span> <span class='ocrx_word' id='word_1_191' title='bbox 1289 1768 1376 1823; x_wconf 69' lang='lat' dir='ltr'><strong>muudi</strong></span> <span class='ocrx_word' id='word_1_192' title='bbox 1390 1771 1448 1837; x_wconf 71' lang='lat' dir='ltr'><strong>sint,</strong></span> 
     </span>
     <span class='ocr_line' id='line_1_18' title="bbox 286 1849 1450 1928; baseline 0.003 -22"><span class='ocrx_word' id='word_1_193' title='bbox 286 1854 470 1924; x_wconf 82' lang='lat' dir='ltr'><strong>patefacimus,</strong></span> <span class='ocrx_word' id='word_1_194' title='bbox 487 1853 554 1906; x_wconf 87' lang='lat' dir='ltr'><strong>tueri</strong></span> <span class='ocrx_word' id='word_1_195' title='bbox 570 1859 657 1905; x_wconf 87' lang='lat' dir='ltr'><strong>eutem</strong></span> <span class='ocrx_word' id='word_1_196' title='bbox 674 1867 705 1906; x_wconf 91' lang='lat' dir='ltr'><strong>ac</strong></span> <span class='ocrx_word' id='word_1_197' title='bbox 720 1851 857 1905; x_wconf 77' lang='lat' dir='ltr'><strong>defendere</strong></span> <span class='ocrx_word' id='word_1_198' title='bbox 874 1849 1054 1921; x_wconf 87' lang='lat' dir='ltr'><strong>nihilomagis</strong></span> <span class='ocrx_word' id='word_1_199' title='bbox 1067 1867 1246 1921; x_wconf 88' lang='lat' dir='ltr'><strong>qnameorum</strong></span> <span class='ocrx_word' id='word_1_200' title='bbox 1258 1854 1334 1920; x_wconf 82' lang='lat' dir='ltr'><strong>vitia,</strong></span> <span class='ocrx_word' id='word_1_201' title='bbox 1351 1857 1375 1909; x_wconf 90' lang='lat' dir='ltr'><strong>si</strong></span> <span class='ocrx_word' id='word_1_202' title='bbox 1386 1873 1450 1928; x_wconf 88' lang='lat' dir='ltr'><strong>quae</strong></span> 
     </span>
     <span class='ocr_line' id='line_1_19' title="bbox 286 1935 1450 2007; baseline 0.004 -15"><span class='ocrx_word' id='word_1_203' title='bbox 286 1939 395 2004; x_wconf 82' lang='lat' dir='ltr'><strong>luerint,</strong></span> <span class='ocrx_word' id='word_1_204' title='bbox 407 1939 503 1992; x_wconf 87' lang='lat' dir='ltr'><strong>imitari</strong></span> <span class='ocrx_word' id='word_1_205' title='bbox 514 1938 647 1992; x_wconf 89' lang='lat' dir='ltr'><strong>debemus.</strong></span> <span class='ocrx_word' id='word_1_206' title='bbox 666 1937 800 1990; x_wconf 84' lang='lat' dir='ltr'><strong>Eiusmodi</strong></span> <span class='ocrx_word' id='word_1_207' title='bbox 811 1941 873 1990; x_wconf 88' lang='lat' dir='ltr'><strong>sunt</strong></span> <span class='ocrx_word' id='word_1_208' title='bbox 883 1937 912 1989; x_wconf 93' lang='lat' dir='ltr'><strong>in</strong></span> <span class='ocrx_word' id='word_1_209' title='bbox 922 1935 971 1990; x_wconf 90' lang='lat' dir='ltr'><strong>hoc</strong></span> <span class='ocrx_word' id='word_1_210' title='bbox 983 1938 1108 2007; x_wconf 83' lang='lat' dir='ltr'><strong>scriptore</strong></span> <span class='ocrx_word' id='word_1_211' title='bbox 1119 1943 1208 1991; x_wconf 86' lang='lat' dir='ltr'><strong>nostro</strong></span> <span class='ocrx_word' id='word_1_212' title='bbox 1220 1938 1332 1992; x_wconf 81' lang='lat' dir='ltr'><strong>sortasse</strong></span> <span class='ocrx_word' id='word_1_213' title='bbox 1343 1943 1450 1997; x_wconf 87' lang='lat' dir='ltr'><strong>nimium</strong></span> 
     </span>
     <span class='ocr_line' id='line_1_20' title="bbox 287 2021 1449 2094; baseline 0.004 -17"><span class='ocrx_word' id='word_1_214' title='bbox 287 2025 376 2077; x_wconf 84' lang='lat' dir='ltr'><strong>multu.</strong></span> <span class='ocrx_word' id='word_1_215' title='bbox 390 2024 441 2078; x_wconf 82' lang='lat' dir='ltr'><strong>Sed</strong></span> <span class='ocrx_word' id='word_1_216' title='bbox 449 2025 516 2077; x_wconf 91' lang='lat' dir='ltr'><strong>inter</strong></span> <span class='ocrx_word' id='word_1_217' title='bbox 525 2039 556 2076; x_wconf 87' lang='lat' dir='ltr'><strong>ea</strong></span> <span class='ocrx_word' id='word_1_218' title='bbox 564 2021 629 2076; x_wconf 86' lang='lat' dir='ltr'><strong>nihil</strong></span> <span class='ocrx_word' id='word_1_219' title='bbox 638 2023 723 2076; x_wconf 90' lang='lat' dir='ltr'><strong>minus</strong></span> <span class='ocrx_word' id='word_1_220' title='bbox 734 2021 950 2077; x_wconf 88' lang='lat' dir='ltr'><strong>dissimulandum</strong></span> <span class='ocrx_word' id='word_1_221' title='bbox 960 2027 1000 2074; x_wconf 89' lang='lat' dir='ltr'><strong>est</strong></span> <span class='ocrx_word' id='word_1_222' title='bbox 1009 2038 1087 2092; x_wconf 90' lang='lat' dir='ltr'><strong>quam</strong></span> <span class='ocrx_word' id='word_1_223' title='bbox 1095 2023 1141 2076; x_wconf 88' lang='lat' dir='ltr'><strong>illa</strong></span> <span class='ocrx_word' id='word_1_224' title='bbox 1149 2021 1304 2094; x_wconf 76' lang='lat' dir='ltr'><strong>paschatum</strong></span> <span class='ocrx_word' id='word_1_225' title='bbox 1311 2025 1449 2082; x_wconf 85' lang='lat' dir='ltr'><strong>distinctio.</strong></span> 
     </span>
     <span class='ocr_line' id='line_1_21' title="bbox 286 2107 1451 2179; baseline 0.003 -16"><span class='ocrx_word' id='word_1_226' title='bbox 286 2109 401 2164; x_wconf 87' lang='lat' dir='ltr'><strong>Primum</strong></span> <span class='ocrx_word' id='word_1_227' title='bbox 417 2110 487 2162; x_wconf 80' lang='lat' dir='ltr'><strong>einim</strong></span> <span class='ocrx_word' id='word_1_228' title='bbox 504 2109 554 2162; x_wconf 92' lang='lat' dir='ltr'><strong>duo</strong></span> <span class='ocrx_word' id='word_1_229' title='bbox 571 2110 627 2174; x_wconf 86' lang='lat' dir='ltr'><strong>illa,</strong></span> <span class='ocrx_word' id='word_1_230' title='bbox 644 2125 710 2179; x_wconf 87' lang='lat' dir='ltr'><strong>quae</strong></span> <span class='ocrx_word' id='word_1_231' title='bbox 722 2125 779 2179; x_wconf 88' lang='lat' dir='ltr'><strong>cap.</strong></span> <span class='ocrx_word' id='word_1_232' title='bbox 790 2125 864 2162; x_wconf 73' lang='lat' dir='ltr'><strong>urna</strong></span> <span class='ocrx_word' id='word_1_233' title='bbox 881 2107 984 2162; x_wconf 80' lang='lat' dir='ltr'><strong>ilhristu</strong></span> <span class='ocrx_word' id='word_1_234' title='bbox 1001 2109 1174 2179; x_wconf 87' lang='lat' dir='ltr'><strong>pronunciata</strong></span> <span class='ocrx_word' id='word_1_235' title='bbox 1190 2109 1317 2176; x_wconf 89' lang='lat' dir='ltr'><strong>dicuntur,</strong></span> <span class='ocrx_word' id='word_1_236' title='bbox 1334 2111 1368 2165; x_wconf 84' lang='lat' dir='ltr'><strong>ad</strong></span> <span class='ocrx_word' id='word_1_237' title='bbox 1382 2113 1451 2168; x_wconf 87' lang='lat' dir='ltr'><strong>idem</strong></span> 
     </span>
     <span class='ocr_line' id='line_1_22' title="bbox 287 2192 1453 2266; baseline 0.003 -18"><span class='ocrx_word' id='word_1_238' title='bbox 287 2196 382 2249; x_wconf 81' lang='lat' dir='ltr'><strong>festum</strong></span> <span class='ocrx_word' id='word_1_239' title='bbox 394 2195 511 2248; x_wconf 81' lang='lat' dir='ltr'><strong>attinent</strong></span> <span class='ocrx_word' id='word_1_240' title='bbox 540 2195 639 2248; x_wconf 83' lang='lat' dir='ltr'><strong>Deinde</strong></span> <span class='ocrx_word' id='word_1_241' title='bbox 654 2212 707 2248; x_wconf 88' lang='lat' dir='ltr'><strong>non</strong></span> <span class='ocrx_word' id='word_1_242' title='bbox 723 2194 789 2248; x_wconf 90' lang='lat' dir='ltr'><strong>illud</strong></span> <span class='ocrx_word' id='word_1_243' title='bbox 805 2192 903 2266; x_wconf 83' lang='lat' dir='ltr'><strong>pasche</strong></span> <span class='ocrx_word' id='word_1_244' title='bbox 916 2193 1011 2258; x_wconf 81' lang='lat' dir='ltr'><strong>tuisse,</strong></span> <span class='ocrx_word' id='word_1_245' title='bbox 1029 2193 1075 2247; x_wconf 92' lang='lat' dir='ltr'><strong>sed</strong></span> <span class='ocrx_word' id='word_1_246' title='bbox 1086 2196 1259 2266; x_wconf 81' lang='lat' dir='ltr'><strong>scenopegiae</strong></span> <span class='ocrx_word' id='word_1_247' title='bbox 1270 2195 1367 2250; x_wconf 78' lang='lat' dir='ltr'><strong>testum</strong></span> <span class='ocrx_word' id='word_1_248' title='bbox 1378 2197 1453 2252; x_wconf 88' lang='lat' dir='ltr'><strong>docet</strong></span> 
     </span>
     <span class='ocr_line' id='line_1_23' title="bbox 288 2277 1452 2352; baseline 0.004 -18"><span class='ocrx_word' id='word_1_249' title='bbox 288 2294 355 2336; x_wconf 88' lang='lat' dir='ltr'><strong>cum.</strong></span> <span class='ocrx_word' id='word_1_250' title='bbox 365 2280 389 2336; x_wconf 76' lang='lat'><strong>2.</strong></span> <span class='ocrx_word' id='word_1_251' title='bbox 406 2279 493 2333; x_wconf 85' lang='lat' dir='ltr'><strong>Tertio</strong></span> <span class='ocrx_word' id='word_1_252' title='bbox 504 2287 669 2351; x_wconf 88' lang='lat' dir='ltr'><strong>praepostere</strong></span> <span class='ocrx_word' id='word_1_253' title='bbox 680 2279 743 2333; x_wconf 81' lang='lat' dir='ltr'><strong>heac</strong></span> <span class='ocrx_word' id='word_1_254' title='bbox 755 2279 915 2350; x_wconf 81' lang='lat' dir='ltr'><strong>Epiphanius</strong></span> <span class='ocrx_word' id='word_1_255' title='bbox 928 2281 1035 2350; x_wconf 86' lang='lat' dir='ltr'><strong>accepit</strong></span> <span class='ocrx_word' id='word_1_256' title='bbox 1058 2277 1126 2332; x_wconf 88' lang='lat' dir='ltr'><strong>Nam</strong></span> <span class='ocrx_word' id='word_1_257' title='bbox 1139 2296 1204 2349; x_wconf 84' lang='lat' dir='ltr'><strong>quse</strong></span> <span class='ocrx_word' id='word_1_258' title='bbox 1216 2281 1299 2352; x_wconf 88' lang='lat' dir='ltr'><strong>primo</strong></span> <span class='ocrx_word' id='word_1_259' title='bbox 1310 2283 1369 2337; x_wconf 89' lang='lat' dir='ltr'><strong>lucu</strong></span> <span class='ocrx_word' id='word_1_260' title='bbox 1382 2284 1452 2338; x_wconf 69' lang='lat' dir='ltr'><strong>ciem</strong></span> 
     </span>
     <span class='ocr_line' id='line_1_24' title="bbox 288 2365 1451 2438; baseline 0.003 -18"><span class='ocrx_word' id='word_1_261' title='bbox 288 2369 427 2430; x_wconf 78' lang='lat' dir='ltr'><strong>memoret,</strong></span> <span class='ocrx_word' id='word_1_262' title='bbox 443 2372 555 2419; x_wconf 85' lang='lat' dir='ltr'><strong>exeunte</strong></span> <span class='ocrx_word' id='word_1_263' title='bbox 569 2367 650 2432; x_wconf 77' lang='lat' dir='ltr'><strong>festo,</strong></span> <span class='ocrx_word' id='word_1_264' title='bbox 666 2381 732 2436; x_wconf 88' lang='lat' dir='ltr'><strong>quae</strong></span> <span class='ocrx_word' id='word_1_265' title='bbox 743 2367 888 2436; x_wconf 88' lang='lat' dir='ltr'><strong>posteriora</strong></span> <span class='ocrx_word' id='word_1_266' title='bbox 898 2367 983 2436; x_wconf 87' lang='lat' dir='ltr'><strong>ponit,</strong></span> <span class='ocrx_word' id='word_1_267' title='bbox 1000 2369 1060 2418; x_wconf 89' lang='lat' dir='ltr'><strong>ante</strong></span> <span class='ocrx_word' id='word_1_268' title='bbox 1075 2365 1173 2418; x_wconf 79' lang='lat' dir='ltr'><strong>festum</strong></span> <span class='ocrx_word' id='word_1_269' title='bbox 1183 2371 1309 2438; x_wconf 80' lang='lat' dir='ltr'><strong>usurpata</strong></span> <span class='ocrx_word' id='word_1_270' title='bbox 1319 2368 1451 2438; x_wconf 86' lang='lat' dir='ltr'><strong>leguntur.</strong></span> 
     </span>
     <span class='ocr_line' id='line_1_25' title="bbox 288 2449 1256 2522; baseline 0.002 -18"><span class='ocrx_word' id='word_1_271' title='bbox 288 2449 385 2504; x_wconf 90' lang='lat' dir='ltr'><strong>Omitto</strong></span> <span class='ocrx_word' id='word_1_272' title='bbox 396 2455 509 2516; x_wconf 79' lang='lat' dir='ltr'><strong>caetera3</strong></span> <span class='ocrx_word' id='word_1_273' title='bbox 521 2467 568 2506; x_wconf 90' lang='lat' dir='ltr'><strong>nec</strong></span> <span class='ocrx_word' id='word_1_274' title='bbox 580 2453 650 2505; x_wconf 88' lang='lat' dir='ltr'><strong>enim</strong></span> <span class='ocrx_word' id='word_1_275' title='bbox 660 2451 802 2505; x_wconf 79' lang='lat' dir='ltr'><strong>falsitatem</strong></span> <span class='ocrx_word' id='word_1_276' title='bbox 813 2452 886 2506; x_wconf 83' lang='lat' dir='ltr'><strong>illem</strong></span> <span class='ocrx_word' id='word_1_277' title='bbox 897 2451 1042 2504; x_wconf 74' lang='lat' dir='ltr'><strong>accuratius</strong></span> <span class='ocrx_word' id='word_1_278' title='bbox 1054 2451 1117 2504; x_wconf 88' lang='lat' dir='ltr'><strong>libet</strong></span> <span class='ocrx_word' id='word_1_279' title='bbox 1128 2453 1256 2522; x_wconf 86' lang='lat' dir='ltr'><strong>persequi.</strong></span> 
     </span>
    </p>

    <p class='ocr_par' dir='ltr' id='par_1_3' title="bbox 285 2535 1458 2952">
     <span class='ocr_line' id='line_1_26' title="bbox 356 2535 1455 2608; baseline 0.003 -18"><span class='ocrx_word' id='word_1_280' title='bbox 356 2537 482 2602; x_wconf 83' lang='lat' dir='ltr'><strong>Quocirca</strong></span> <span class='ocrx_word' id='word_1_281' title='bbox 493 2539 568 2592; x_wconf 90' lang='lat' dir='ltr'><strong>nubis</strong></span> <span class='ocrx_word' id='word_1_282' title='bbox 581 2537 632 2590; x_wconf 87' lang='lat' dir='ltr'><strong>alia</strong></span> <span class='ocrx_word' id='word_1_283' title='bbox 643 2537 752 2591; x_wconf 89' lang='lat' dir='ltr'><strong>duorum</strong></span> <span class='ocrx_word' id='word_1_284' title='bbox 763 2535 917 2608; x_wconf 70' lang='lat' dir='ltr'><strong>paschatum</strong></span> <span class='ocrx_word' id='word_1_285' title='bbox 927 2535 1127 2590; x_wconf 87' lang='lat' dir='ltr'><strong>ordinandorum</strong></span> <span class='ocrx_word' id='word_1_286' title='bbox 1136 2537 1249 2592; x_wconf 87' lang='lat' dir='ltr'><strong>ineunda</strong></span> <span class='ocrx_word' id='word_1_287' title='bbox 1257 2539 1323 2591; x_wconf 84' lang='lat' dir='ltr'><strong>rstio</strong></span> <span class='ocrx_word' id='word_1_288' title='bbox 1334 2543 1382 2593; x_wconf 86' lang='lat' dir='ltr'><strong>est.</strong></span> <span class='ocrx_word' id='word_1_289' title='bbox 1400 2539 1455 2593; x_wconf 86' lang='lat' dir='ltr'><strong>Sed</strong></span> 
     </span>
     <span class='ocr_line' id='line_1_27' title="bbox 287 2621 1457 2695; baseline 0.003 -19"><span class='ocrx_word' id='word_1_290' title='bbox 287 2624 358 2695; x_wconf 88' lang='lat' dir='ltr'><strong>prius</strong></span> <span class='ocrx_word' id='word_1_291' title='bbox 371 2629 449 2694; x_wconf 87' lang='lat' dir='ltr'><strong>ceput</strong></span> <span class='ocrx_word' id='word_1_292' title='bbox 463 2624 551 2694; x_wconf 90' lang='lat' dir='ltr'><strong>ipsum</strong></span> <span class='ocrx_word' id='word_1_293' title='bbox 568 2624 727 2694; x_wconf 86' lang='lat' dir='ltr'><strong>quaestionis</strong></span> <span class='ocrx_word' id='word_1_294' title='bbox 742 2622 909 2687; x_wconf 89' lang='lat' dir='ltr'><strong>intuendum,</strong></span> <span class='ocrx_word' id='word_1_295' title='bbox 926 2621 995 2674; x_wconf 89' lang='lat' dir='ltr'><strong>unde</strong></span> <span class='ocrx_word' id='word_1_296' title='bbox 1012 2623 1098 2692; x_wconf 88' lang='lat' dir='ltr'><strong>quarti</strong></span> <span class='ocrx_word' id='word_1_297' title='bbox 1114 2621 1246 2692; x_wconf 87' lang='lat' dir='ltr'><strong>paschatis</strong></span> <span class='ocrx_word' id='word_1_298' title='bbox 1261 2623 1457 2679; x_wconf 82' lang='lat' dir='ltr'><strong>firmamentum</strong></span> 
     </span>
     <span class='ocr_line' id='line_1_28' title="bbox 286 2707 1457 2782; baseline 0.002 -20"><span class='ocrx_word' id='word_1_299' title='bbox 286 2710 390 2782; x_wconf 90' lang='lat' dir='ltr'><strong>petitur.</strong></span> <span class='ocrx_word' id='word_1_300' title='bbox 415 2707 493 2774; x_wconf 82' lang='lat' dir='ltr'><strong>Cum,</strong></span> <span class='ocrx_word' id='word_1_301' title='bbox 510 2715 539 2762; x_wconf 90' lang='lat' dir='ltr'><strong>ut</strong></span> <span class='ocrx_word' id='word_1_302' title='bbox 551 2715 610 2762; x_wconf 83' lang='lat' dir='ltr'><strong>ente</strong></span> <span class='ocrx_word' id='word_1_303' title='bbox 623 2709 749 2774; x_wconf 86' lang='lat' dir='ltr'><strong>diximus,</strong></span> <span class='ocrx_word' id='word_1_304' title='bbox 761 2708 872 2761; x_wconf 79' lang='lat' dir='ltr'><strong>loannes</strong></span> <span class='ocrx_word' id='word_1_305' title='bbox 885 2708 1002 2762; x_wconf 87' lang='lat' dir='ltr'><strong>exactius</strong></span> <span class='ocrx_word' id='word_1_306' title='bbox 1014 2707 1122 2761; x_wconf 88' lang='lat' dir='ltr'><strong>caeteris</strong></span> <span class='ocrx_word' id='word_1_307' title='bbox 1134 2709 1216 2761; x_wconf 85' lang='lat' dir='ltr'><strong>tribus</strong></span> <span class='ocrx_word' id='word_1_308' title='bbox 1228 2707 1353 2778; x_wconf 81' lang='lat' dir='ltr'><strong>paschata</strong></span> <span class='ocrx_word' id='word_1_309' title='bbox 1364 2709 1457 2764; x_wconf 87' lang='lat' dir='ltr'><strong>distin·</strong></span> 
     </span>
     <span class='ocr_line' id='line_1_29' title="bbox 286 2791 1458 2867; baseline 0.003 -20"><span class='ocrx_word' id='word_1_310' title='bbox 286 2795 356 2848; x_wconf 85' lang='lat' dir='ltr'><strong>xerit</strong></span> <span class='ocrx_word' id='word_1_311' title='bbox 367 2811 400 2848; x_wconf 87' lang='lat' dir='ltr'><strong>ex</strong></span> <span class='ocrx_word' id='word_1_312' title='bbox 413 2795 468 2848; x_wconf 91' lang='lat' dir='ltr'><strong>eius</strong></span> <span class='ocrx_word' id='word_1_313' title='bbox 480 2795 646 2866; x_wconf 88' lang='lat' dir='ltr'><strong>potissimum</strong></span> <span class='ocrx_word' id='word_1_314' title='bbox 658 2795 796 2848; x_wconf 82' lang='lat' dir='ltr'><strong>autoritate</strong></span> <span class='ocrx_word' id='word_1_315' title='bbox 808 2793 949 2864; x_wconf 80' lang='lat' dir='ltr'><strong>digerenda</strong></span> <span class='ocrx_word' id='word_1_316' title='bbox 960 2800 1022 2847; x_wconf 88' lang='lat' dir='ltr'><strong>sunt</strong></span> <span class='ocrx_word' id='word_1_317' title='bbox 1031 2799 1156 2864; x_wconf 82' lang='lat' dir='ltr'><strong>tempora</strong></span> <span class='ocrx_word' id='word_1_318' title='bbox 1181 2793 1265 2857; x_wconf 77' lang='lat' dir='ltr'><strong>Quare</strong></span> <span class='ocrx_word' id='word_1_319' title='bbox 1282 2791 1305 2847; x_wconf 88' lang='lat' dir='ltr'><strong>si</strong></span> <span class='ocrx_word' id='word_1_320' title='bbox 1320 2796 1343 2848; x_wconf 89' lang='lat' dir='ltr'><strong>is</strong></span> <span class='ocrx_word' id='word_1_321' title='bbox 1362 2812 1421 2867; x_wconf 89' lang='lat' dir='ltr'><strong>csp.</strong></span> <span class='ocrx_word' id='word_1_322' title='bbox 1431 2815 1458 2850; x_wconf 83' lang='lat' dir='ltr'><strong>v.</strong></span> 
     </span>
     <span class='ocr_line' id='line_1_30' title="bbox 285 2877 1457 2952; baseline -0.001 -16"><span class='ocrx_word' id='word_1_323' title='bbox 285 2882 346 2938; x_wconf 80' lang='lat' dir='ltr'><strong>teeti</strong></span> <span class='ocrx_word' id='word_1_324' title='bbox 361 2881 465 2934; x_wconf 90' lang='lat' dir='ltr'><strong>nornine</strong></span> <span class='ocrx_word' id='word_1_325' title='bbox 482 2879 579 2952; x_wconf 87' lang='lat' dir='ltr'><strong>pascha</strong></span> <span class='ocrx_word' id='word_1_326' title='bbox 595 2879 762 2950; x_wconf 83' lang='lat' dir='ltr'><strong>significarit,</strong></span> <span class='ocrx_word' id='word_1_327' title='bbox 784 2879 814 2932; x_wconf 91' lang='lat' dir='ltr'><strong>de</strong></span> <span class='ocrx_word' id='word_1_328' title='bbox 835 2897 863 2934; x_wconf 84' lang='lat' dir='ltr'><strong>rv</strong></span> <span class='ocrx_word' id='word_1_329' title='bbox 879 2885 909 2932; x_wconf 90' lang='lat' dir='ltr'><strong>ut</strong></span> <span class='ocrx_word' id='word_1_330' title='bbox 928 2881 1066 2933; x_wconf 90' lang='lat' dir='ltr'><strong>minimum</strong></span> <span class='ocrx_word' id='word_1_331' title='bbox 1087 2877 1255 2948; x_wconf 85' lang='lat' dir='ltr'><strong>paechatibus</strong></span> <span class='ocrx_word' id='word_1_332' title='bbox 1276 2881 1397 2935; x_wconf 73' lang='lat' dir='ltr'><strong>coniecta</strong></span> <span class='ocrx_word' id='word_1_333' title='bbox 1413 2899 1457 2935; x_wconf 85' lang='lat' dir='ltr'><strong>ree</strong></span> 
     </span>
    </p>
   </div>
   <div class='ocr_carea' id='block_1_3' title="bbox 202 2964 1457 3038">
    <p class='ocr_par' dir='ltr' id='par_1_4' title="bbox 202 2964 1457 3038">
     <span class='ocr_line' id='line_1_31' title="bbox 202 2964 1457 3038; baseline 0.002 -19"><span class='ocrx_word' id='word_1_334' title='bbox 202 3015 208 3028; x_wconf 84' lang='lat'><strong>,</strong></span> <span class='ocrx_word' id='word_1_335' title='bbox 255 3013 261 3027; x_wconf 84' lang='lat'><strong>,</strong></span> <span class='ocrx_word' id='word_1_336' title='bbox 288 2967 349 3037; x_wconf 83' lang='lat' dir='ltr'><strong>erit;</strong></span> <span class='ocrx_word' id='word_1_337' title='bbox 366 2965 494 3036; x_wconf 87' lang='lat' dir='ltr'><strong>siquidem</strong></span> <span class='ocrx_word' id='word_1_338' title='bbox 507 2983 567 3019; x_wconf 89' lang='lat' dir='ltr'><strong>cum</strong></span> <span class='ocrx_word' id='word_1_339' title='bbox 578 2965 701 3036; x_wconf 85' lang='lat' dir='ltr'><strong>paschate</strong></span> <span class='ocrx_word' id='word_1_340' title='bbox 714 2981 769 3036; x_wconf 88' lang='lat' dir='ltr'><strong>cap.</strong></span> <span class='ocrx_word' id='word_1_341' title='bbox 779 2983 814 3020; x_wconf 77' lang='lat' dir='ltr'><strong>rr.</strong></span> <span class='ocrx_word' id='word_1_342' title='bbox 827 2981 893 3020; x_wconf 88' lang='lat' dir='ltr'><strong>cum.</strong></span> <span class='ocrx_word' id='word_1_343' title='bbox 904 2964 928 3018; x_wconf 83' lang='lat'><strong>3.</strong></span> <span class='ocrx_word' id='word_1_344' title='bbox 940 2967 1046 3019; x_wconf 89' lang='lat' dir='ltr'><strong>minime</strong></span> <span class='ocrx_word' id='word_1_345' title='bbox 1059 2964 1240 3019; x_wconf 74' lang='lat' dir='ltr'><strong>confundetur.</strong></span> <span class='ocrx_word' id='word_1_346' title='bbox 1262 2965 1301 3019; x_wconf 78' lang='lat' dir='ltr'><strong>dd</strong></span> <span class='ocrx_word' id='word_1_347' title='bbox 1312 2965 1377 3020; x_wconf 86' lang='lat' dir='ltr'><strong>haec</strong></span> <span class='ocrx_word' id='word_1_348' title='bbox 1390 2983 1457 3038; x_wconf 90' lang='lat' dir='ltr'><strong>qno-</strong></span> 
     </span>
    </p>
   </div>
   <div class='ocr_carea' id='block_1_4' title="bbox 287 3049 1518 4662">
    <p class='ocr_par' dir='ltr' id='par_1_5' title="bbox 287 3049 1518 4662">
     <span class='ocr_line' id='line_1_32' title="bbox 287 3049 1458 3122; baseline 0.003 -18"><span class='ocrx_word' id='word_1_349' title='bbox 287 3053 359 3105; x_wconf 82' lang='lat' dir='ltr'><strong>niam</strong></span> <span class='ocrx_word' id='word_1_350' title='bbox 374 3051 523 3122; x_wconf 89' lang='lat' dir='ltr'><strong>prodigium</strong></span> <span class='ocrx_word' id='word_1_351' title='bbox 539 3052 615 3116; x_wconf 89' lang='lat' dir='ltr'><strong>illud,</strong></span> <span class='ocrx_word' id='word_1_352' title='bbox 632 3067 683 3122; x_wconf 92' lang='lat' dir='ltr'><strong>quo</strong></span> <span class='ocrx_word' id='word_1_353' title='bbox 695 3069 711 3103; x_wconf 83' lang='lat' dir='ltr'>v</span> <span class='ocrx_word' id='word_1_354' title='bbox 723 3051 859 3104; x_wconf 87' lang='lat' dir='ltr'><strong>hominum</strong></span> <span class='ocrx_word' id='word_1_355' title='bbox 875 3051 956 3104; x_wconf 86' lang='lat' dir='ltr'><strong>millia</strong></span> <span class='ocrx_word' id='word_1_356' title='bbox 972 3051 1084 3122; x_wconf 85' lang='lat' dir='ltr'><strong>panibus</strong></span> <span class='ocrx_word' id='word_1_357' title='bbox 1096 3069 1113 3102; x_wconf 85' lang='lat' dir='ltr'>v</span> <span class='ocrx_word' id='word_1_358' title='bbox 1125 3055 1151 3103; x_wconf 89' lang='lat' dir='ltr'><strong>et</strong></span> <span class='ocrx_word' id='word_1_359' title='bbox 1162 3049 1263 3104; x_wconf 89' lang='lat' dir='ltr'><strong>duobus</strong></span> <span class='ocrx_word' id='word_1_360' title='bbox 1279 3051 1396 3122; x_wconf 75' lang='lat' dir='ltr'><strong>piscrlrus</strong></span> <span class='ocrx_word' id='word_1_361' title='bbox 1415 3069 1458 3106; x_wconf 87' lang='lat' dir='ltr'><strong>sa-</strong></span> 
     </span>
     <span class='ocr_line' id='line_1_33' title="bbox 288 3135 1460 3208; baseline 0.003 -19"><span class='ocrx_word' id='word_1_362' title='bbox 288 3137 396 3201; x_wconf 75' lang='lat' dir='ltr'><strong>turavit,</strong></span> <span class='ocrx_word' id='word_1_363' title='bbox 412 3136 481 3189; x_wconf 90' lang='lat' dir='ltr'><strong>idem</strong></span> <span class='ocrx_word' id='word_1_364' title='bbox 494 3138 599 3190; x_wconf 89' lang='lat' dir='ltr'><strong>omnine</strong></span> <span class='ocrx_word' id='word_1_365' title='bbox 612 3143 662 3202; x_wconf 89' lang='lat' dir='ltr'><strong>est,</strong></span> <span class='ocrx_word' id='word_1_366' title='bbox 682 3137 751 3207; x_wconf 91' lang='lat' dir='ltr'><strong>quod</strong></span> <span class='ocrx_word' id='word_1_367' title='bbox 763 3141 789 3189; x_wconf 91' lang='lat' dir='ltr'><strong>et</strong></span> <span class='ocrx_word' id='word_1_368' title='bbox 799 3135 892 3190; x_wconf 85' lang='lat' dir='ltr'><strong>Matth.</strong></span> <span class='ocrx_word' id='word_1_369' title='bbox 905 3153 960 3208; x_wconf 88' lang='lat' dir='ltr'><strong>cap.</strong></span> <span class='ocrx_word' id='word_1_370' title='bbox 970 3155 1023 3191; x_wconf 83' lang='lat' dir='ltr'><strong>rrv.</strong></span> <span class='ocrx_word' id='word_1_371' title='bbox 1037 3141 1064 3189; x_wconf 89' lang='lat' dir='ltr'><strong>et</strong></span> <span class='ocrx_word' id='word_1_372' title='bbox 1079 3137 1160 3190; x_wconf 81' lang='lat' dir='ltr'><strong>Marc.</strong></span> <span class='ocrx_word' id='word_1_373' title='bbox 1172 3155 1208 3192; x_wconf 77' lang='lat' dir='ltr'><strong>vr.</strong></span> <span class='ocrx_word' id='word_1_374' title='bbox 1225 3145 1252 3190; x_wconf 87' lang='lat' dir='ltr'><strong>et</strong></span> <span class='ocrx_word' id='word_1_375' title='bbox 1261 3135 1347 3191; x_wconf 82' lang='lat' dir='ltr'><strong>Lneae</strong></span> <span class='ocrx_word' id='word_1_376' title='bbox 1360 3155 1399 3193; x_wconf 87' lang='lat' dir='ltr'><strong>nr.</strong></span> <span class='ocrx_word' id='word_1_377' title='bbox 1413 3139 1460 3192; x_wconf 86' lang='lat' dir='ltr'><strong>ds-</strong></span> 
     </span>
     <span class='ocr_line' id='line_1_34' title="bbox 290 3221 1459 3296; baseline 0.002 -20"><span class='ocrx_word' id='word_1_378' title='bbox 290 3223 416 3288; x_wconf 81' lang='lat' dir='ltr'><strong>scribitur¹</strong></span> <span class='ocrx_word' id='word_1_379' title='bbox 428 3239 535 3276; x_wconf 88' lang='lat' dir='ltr'><strong>necesse</strong></span> <span class='ocrx_word' id='word_1_380' title='bbox 548 3229 587 3275; x_wconf 91' lang='lat' dir='ltr'><strong>est</strong></span> <span class='ocrx_word' id='word_1_381' title='bbox 598 3222 694 3292; x_wconf 86' lang='lat' dir='ltr'><strong>pasche</strong></span> <span class='ocrx_word' id='word_1_382' title='bbox 705 3223 781 3288; x_wconf 88' lang='lat' dir='ltr'><strong>illud,</strong></span> <span class='ocrx_word' id='word_1_383' title='bbox 793 3228 854 3275; x_wconf 88' lang='lat' dir='ltr'><strong>aute</strong></span> <span class='ocrx_word' id='word_1_384' title='bbox 866 3221 936 3292; x_wconf 90' lang='lat' dir='ltr'><strong>quod</strong></span> <span class='ocrx_word' id='word_1_385' title='bbox 947 3223 1115 3286; x_wconf 86' lang='lat' dir='ltr'><strong>miraculum,</strong></span> <span class='ocrx_word' id='word_1_386' title='bbox 1127 3223 1225 3275; x_wconf 85' lang='lat' dir='ltr'><strong>Ioanne</strong></span> <span class='ocrx_word' id='word_1_387' title='bbox 1235 3225 1314 3288; x_wconf 85' lang='lat' dir='ltr'><strong>teste,</strong></span> <span class='ocrx_word' id='word_1_388' title='bbox 1333 3225 1459 3296; x_wconf 82' lang='lat' dir='ltr'><strong>contigit,</strong></span> 
     </span>
     <span class='ocr_line' id='line_1_35' title="bbox 290 3307 1461 3378; baseline 0.003 -18"><span class='ocrx_word' id='word_1_389' title='bbox 290 3307 420 3361; x_wconf 80' lang='lat' dir='ltr'><strong>diversum</strong></span> <span class='ocrx_word' id='word_1_390' title='bbox 432 3308 465 3361; x_wconf 91' lang='lat' dir='ltr'><strong>ab</strong></span> <span class='ocrx_word' id='word_1_391' title='bbox 478 3325 508 3361; x_wconf 95' lang='lat' dir='ltr'><strong>eo</strong></span> <span class='ocrx_word' id='word_1_392' title='bbox 521 3325 577 3361; x_wconf 89' lang='lat' dir='ltr'><strong>esse</strong></span> <span class='ocrx_word' id='word_1_393' title='bbox 590 3309 658 3378; x_wconf 92' lang='lat' dir='ltr'><strong>quod</strong></span> <span class='ocrx_word' id='word_1_394' title='bbox 669 3307 748 3361; x_wconf 89' lang='lat' dir='ltr'><strong>tacite</strong></span> <span class='ocrx_word' id='word_1_395' title='bbox 765 3307 879 3361; x_wconf 80' lang='lat' dir='ltr'><strong>utribus</strong></span> <span class='ocrx_word' id='word_1_396' title='bbox 895 3308 947 3360; x_wconf 90' lang='lat' dir='ltr'><strong>illis</strong></span> <span class='ocrx_word' id='word_1_397' title='bbox 963 3308 1131 3377; x_wconf 80' lang='lat' dir='ltr'><strong>evangelistis</strong></span> <span class='ocrx_word' id='word_1_398' title='bbox 1148 3307 1310 3378; x_wconf 88' lang='lat' dir='ltr'><strong>exprimitur,</strong></span> <span class='ocrx_word' id='word_1_399' title='bbox 1327 3325 1388 3362; x_wconf 89' lang='lat' dir='ltr'><strong>cum</strong></span> <span class='ocrx_word' id='word_1_400' title='bbox 1407 3311 1461 3363; x_wconf 85' lang='lat' dir='ltr'><strong>sei·</strong></span> 
     </span>
     <span class='ocr_line' id='line_1_36' title="bbox 288 3391 1462 3464; baseline 0.002 -17"><span class='ocrx_word' id='word_1_401' title='bbox 288 3393 349 3447; x_wconf 88' lang='lat' dir='ltr'><strong>licet</strong></span> <span class='ocrx_word' id='word_1_402' title='bbox 358 3393 473 3447; x_wconf 78' lang='lat' dir='ltr'><strong>Christos</strong></span> <span class='ocrx_word' id='word_1_403' title='bbox 485 3411 531 3464; x_wconf 87' lang='lat' dir='ltr'><strong>per</strong></span> <span class='ocrx_word' id='word_1_404' title='bbox 543 3399 600 3446; x_wconf 86' lang='lat' dir='ltr'><strong>seta</strong></span> <span class='ocrx_word' id='word_1_405' title='bbox 611 3410 670 3447; x_wconf 92' lang='lat' dir='ltr'><strong>cum</strong></span> <span class='ocrx_word' id='word_1_406' title='bbox 683 3393 816 3464; x_wconf 85' lang='lat' dir='ltr'><strong>discipulis</strong></span> <span class='ocrx_word' id='word_1_407' title='bbox 828 3391 983 3458; x_wconf 76' lang='lat' dir='ltr'><strong>ambularit;</strong></span> <span class='ocrx_word' id='word_1_408' title='bbox 995 3393 1064 3464; x_wconf 89' lang='lat' dir='ltr'><strong>quod</strong></span> <span class='ocrx_word' id='word_1_409' title='bbox 1075 3394 1164 3462; x_wconf 87' lang='lat' dir='ltr'><strong>utique</strong></span> <span class='ocrx_word' id='word_1_410' title='bbox 1175 3399 1236 3464; x_wconf 89' lang='lat' dir='ltr'><strong>post</strong></span> <span class='ocrx_word' id='word_1_411' title='bbox 1245 3393 1344 3464; x_wconf 82' lang='lat' dir='ltr'><strong>pascha</strong></span> <span class='ocrx_word' id='word_1_412' title='bbox 1355 3395 1462 3449; x_wconf 86' lang='lat' dir='ltr'><strong>iactum</strong></span> 
     </span>
     <span class='ocr_line' id='line_1_37' title="bbox 291 3479 1463 3551; baseline -0.001 -17"><span class='ocrx_word' id='word_1_413' title='bbox 291 3485 343 3544; x_wconf 88' lang='lat' dir='ltr'><strong>est,</strong></span> <span class='ocrx_word' id='word_1_414' title='bbox 356 3480 404 3532; x_wconf 89' lang='lat' dir='ltr'><strong>hoe</strong></span> <span class='ocrx_word' id='word_1_415' title='bbox 416 3485 457 3532; x_wconf 87' lang='lat' dir='ltr'><strong>est</strong></span> <span class='ocrx_word' id='word_1_416' title='bbox 468 3480 576 3533; x_wconf 86' lang='lat' dir='ltr'><strong>sabbato</strong></span> <span class='ocrx_word' id='word_1_417' title='bbox 589 3480 778 3550; x_wconf 87' lang='lat' dir='ltr'><strong>deuteroproto.</strong></span> <span class='ocrx_word' id='word_1_418' title='bbox 800 3480 882 3548; x_wconf 86' lang='lat' dir='ltr'><strong>Igitur</strong></span> <span class='ocrx_word' id='word_1_419' title='bbox 894 3479 917 3531; x_wconf 90' lang='lat' dir='ltr'><strong>ei</strong></span> <span class='ocrx_word' id='word_1_420' title='bbox 928 3479 976 3531; x_wconf 88' lang='lat' dir='ltr'><strong>iter</strong></span> <span class='ocrx_word' id='word_1_421' title='bbox 986 3479 1051 3532; x_wconf 89' lang='lat' dir='ltr'><strong>illud</strong></span> <span class='ocrx_word' id='word_1_422' title='bbox 1062 3493 1108 3548; x_wconf 91' lang='lat' dir='ltr'><strong>per</strong></span> <span class='ocrx_word' id='word_1_423' title='bbox 1120 3485 1221 3548; x_wconf 80' lang='lat' dir='ltr'><strong>segetes</strong></span> <span class='ocrx_word' id='word_1_424' title='bbox 1234 3485 1384 3550; x_wconf 85' lang='lat' dir='ltr'><strong>susceptum</strong></span> <span class='ocrx_word' id='word_1_425' title='bbox 1397 3487 1463 3551; x_wconf 90' lang='lat' dir='ltr'><strong>post</strong></span> 
     </span>
     <span class='ocr_line' id='line_1_38' title="bbox 290 3563 1462 3636; baseline 0 -18"><span class='ocrx_word' id='word_1_426' title='bbox 290 3565 359 3618; x_wconf 82' lang='lat' dir='ltr'><strong>eliud</strong></span> <span class='ocrx_word' id='word_1_427' title='bbox 370 3563 479 3636; x_wconf 83' lang='lat' dir='ltr'><strong>pasche,</strong></span> <span class='ocrx_word' id='word_1_428' title='bbox 497 3581 576 3636; x_wconf 85' lang='lat' dir='ltr'><strong>quam</strong></span> <span class='ocrx_word' id='word_1_429' title='bbox 589 3565 657 3636; x_wconf 88' lang='lat' dir='ltr'><strong>qued</strong></span> <span class='ocrx_word' id='word_1_430' title='bbox 669 3581 685 3617; x_wconf 83' lang='lat' dir='ltr'><strong>a</strong></span> <span class='ocrx_word' id='word_1_431' title='bbox 695 3566 826 3636; x_wconf 82' lang='lat' dir='ltr'><strong>baptismo</strong></span> <span class='ocrx_word' id='word_1_432' title='bbox 839 3563 987 3634; x_wconf 89' lang='lat' dir='ltr'><strong>proximum</strong></span> <span class='ocrx_word' id='word_1_433' title='bbox 1000 3569 1050 3628; x_wconf 87' lang='lat' dir='ltr'><strong>est,</strong></span> <span class='ocrx_word' id='word_1_434' title='bbox 1066 3563 1167 3629; x_wconf 88' lang='lat' dir='ltr'><strong>incidit,</strong></span> <span class='ocrx_word' id='word_1_435' title='bbox 1183 3565 1274 3634; x_wconf 88' lang='lat' dir='ltr'><strong>procul</strong></span> <span class='ocrx_word' id='word_1_436' title='bbox 1285 3563 1366 3618; x_wconf 90' lang='lat' dir='ltr'><strong>dnbio</strong></span> <span class='ocrx_word' id='word_1_437' title='bbox 1377 3565 1462 3636; x_wconf 86' lang='lat' dir='ltr'><strong>plura</strong></span> 
     </span>
     <span class='ocr_line' id='line_1_39' title="bbox 290 3649 1461 3722; baseline -0.001 -17"><span class='ocrx_word' id='word_1_438' title='bbox 290 3651 372 3705; x_wconf 88' lang='lat' dir='ltr'><strong>tribus</strong></span> <span class='ocrx_word' id='word_1_439' title='bbox 384 3650 509 3722; x_wconf 81' lang='lat' dir='ltr'><strong>paschata</strong></span> <span class='ocrx_word' id='word_1_440' title='bbox 520 3651 699 3704; x_wconf 84' lang='lat' dir='ltr'><strong>constituenda</strong></span> <span class='ocrx_word' id='word_1_441' title='bbox 711 3656 779 3704; x_wconf 83' lang='lat' dir='ltr'><strong>sunt</strong></span> <span class='ocrx_word' id='word_1_442' title='bbox 815 3649 862 3702; x_wconf 86' lang='lat' dir='ltr'><strong>Sin</strong></span> <span class='ocrx_word' id='word_1_443' title='bbox 874 3649 1006 3704; x_wconf 87' lang='lat' dir='ltr'><strong>conciliari</strong></span> <span class='ocrx_word' id='word_1_444' title='bbox 1016 3649 1068 3702; x_wconf 85' lang='lat' dir='ltr'><strong>ista</strong></span> <span class='ocrx_word' id='word_1_445' title='bbox 1084 3655 1206 3720; x_wconf 88' lang='lat' dir='ltr'><strong>possunt,</strong></span> <span class='ocrx_word' id='word_1_446' title='bbox 1223 3655 1253 3703; x_wconf 92' lang='lat' dir='ltr'><strong>nt</strong></span> <span class='ocrx_word' id='word_1_447' title='bbox 1267 3665 1353 3719; x_wconf 89' lang='lat' dir='ltr'><strong>neque</strong></span> <span class='ocrx_word' id='word_1_448' title='bbox 1369 3651 1461 3704; x_wconf 60' lang='lat' dir='ltr'><strong>lamus</strong></span> 
     </span>
     <span class='ocr_line' id='line_1_40' title="bbox 289 3733 1461 3807; baseline -0.001 -15"><span class='ocrx_word' id='word_1_449' title='bbox 289 3739 333 3792; x_wconf 92' lang='lat' dir='ltr'><strong>ille</strong></span> <span class='ocrx_word' id='word_1_450' title='bbox 345 3737 399 3790; x_wconf 77' lang='lat' dir='ltr'><strong>dies&#39;</strong></span> <span class='ocrx_word' id='word_1_451' title='bbox 411 3737 500 3792; x_wconf 86' lang='lat' dir='ltr'><strong>loenn.</strong></span> <span class='ocrx_word' id='word_1_452' title='bbox 511 3755 535 3790; x_wconf 86' lang='lat' dir='ltr'><strong>v.</strong></span> <span class='ocrx_word' id='word_1_453' title='bbox 546 3735 644 3807; x_wconf 80' lang='lat' dir='ltr'><strong>pasche</strong></span> <span class='ocrx_word' id='word_1_454' title='bbox 656 3738 702 3802; x_wconf 87' lang='lat' dir='ltr'><strong>sit,</strong></span> <span class='ocrx_word' id='word_1_455' title='bbox 720 3741 746 3789; x_wconf 93' lang='lat' dir='ltr'><strong>et</strong></span> <span class='ocrx_word' id='word_1_456' title='bbox 760 3737 899 3790; x_wconf 77' lang='lat' dir='ltr'><strong>sabbatum</strong></span> <span class='ocrx_word' id='word_1_457' title='bbox 910 3735 1120 3806; x_wconf 88' lang='lat' dir='ltr'><strong>deuteroproton,</strong></span> <span class='ocrx_word' id='word_1_458' title='bbox 1138 3735 1169 3788; x_wconf 88' lang='lat' dir='ltr'><strong>de</strong></span> <span class='ocrx_word' id='word_1_459' title='bbox 1182 3751 1233 3806; x_wconf 90' lang='lat' dir='ltr'><strong>quo</strong></span> <span class='ocrx_word' id='word_1_460' title='bbox 1245 3733 1330 3788; x_wconf 82' lang='lat' dir='ltr'><strong>Lucas</strong></span> <span class='ocrx_word' id='word_1_461' title='bbox 1343 3751 1402 3807; x_wconf 80' lang='lat' dir='ltr'><strong>cap.</strong></span> <span class='ocrx_word' id='word_1_462' title='bbox 1414 3756 1461 3800; x_wconf 78' lang='lat' dir='ltr'><strong>vu,</strong></span> 
     </span>
     <span class='ocr_line' id='line_1_41' title="bbox 290 3819 1518 3894; baseline -0.002 -17"><span class='ocrx_word' id='word_1_463' title='bbox 290 3825 378 3878; x_wconf 84' lang='lat' dir='ltr'><strong>statim</strong></span> <span class='ocrx_word' id='word_1_464' title='bbox 389 3827 450 3894; x_wconf 87' lang='lat' dir='ltr'><strong>post</strong></span> <span class='ocrx_word' id='word_1_465' title='bbox 459 3823 572 3893; x_wconf 90' lang='lat' dir='ltr'><strong>primum</strong></span> <span class='ocrx_word' id='word_1_466' title='bbox 584 3821 681 3893; x_wconf 87' lang='lat' dir='ltr'><strong>pascha</strong></span> <span class='ocrx_word' id='word_1_467' title='bbox 693 3822 858 3886; x_wconf 86' lang='lat' dir='ltr'><strong>successerit,</strong></span> <span class='ocrx_word' id='word_1_468' title='bbox 872 3819 937 3873; x_wconf 87' lang='lat' dir='ltr'><strong>nihil</strong></span> <span class='ocrx_word' id='word_1_469' title='bbox 949 3821 1054 3873; x_wconf 89' lang='lat' dir='ltr'><strong>omnino</strong></span> <span class='ocrx_word' id='word_1_470' title='bbox 1067 3819 1098 3872; x_wconf 92' lang='lat' dir='ltr'><strong>de</strong></span> <span class='ocrx_word' id='word_1_471' title='bbox 1110 3837 1137 3874; x_wconf 79' lang='lat' dir='ltr'><strong>rv</strong></span> <span class='ocrx_word' id='word_1_472' title='bbox 1148 3819 1302 3891; x_wconf 72' lang='lat' dir='ltr'><strong>paschatum</strong></span> <span class='ocrx_word' id='word_1_473' title='bbox 1318 3821 1462 3875; x_wconf 78' lang='lat' dir='ltr'><strong>interuallo</strong></span> <span class='ocrx_word' id='word_1_474' title='bbox 1512 3868 1518 3886; x_wconf 78' lang='grc'>,</span> 
     </span>
     <span class='ocr_line' id='line_1_42' title="bbox 290 3905 1462 3980; baseline -0.005 -16"><span class='ocrx_word' id='word_1_475' title='bbox 290 3909 383 3964; x_wconf 91' lang='lat' dir='ltr'><strong>confici</strong></span> <span class='ocrx_word' id='word_1_476' title='bbox 394 3913 489 3980; x_wconf 88' lang='lat' dir='ltr'><strong>potest.</strong></span> <span class='ocrx_word' id='word_1_477' title='bbox 510 3907 578 3962; x_wconf 85' lang='lat' dir='ltr'><strong>Nam</strong></span> <span class='ocrx_word' id='word_1_478' title='bbox 590 3907 658 3979; x_wconf 89' lang='lat' dir='ltr'><strong>qnod</strong></span> <span class='ocrx_word' id='word_1_479' title='bbox 670 3907 703 3960; x_wconf 85' lang='lat' dir='ltr'><strong>ed</strong></span> <span class='ocrx_word' id='word_1_480' title='bbox 714 3908 811 3961; x_wconf 82' lang='lat' dir='ltr'><strong>festum</strong></span> <span class='ocrx_word' id='word_1_481' title='bbox 823 3907 890 3959; x_wconf 79' lang='lat' dir='ltr'><strong>diens</strong></span> <span class='ocrx_word' id='word_1_482' title='bbox 902 3923 926 3960; x_wconf 83' lang='lat' dir='ltr'><strong>v.</strong></span> <span class='ocrx_word' id='word_1_483' title='bbox 936 3905 1025 3960; x_wconf 87' lang='lat' dir='ltr'><strong>luann.</strong></span> <span class='ocrx_word' id='word_1_484' title='bbox 1037 3921 1093 3977; x_wconf 82' lang='lat' dir='ltr'><strong>cup.</strong></span> <span class='ocrx_word' id='word_1_485' title='bbox 1105 3911 1217 3978; x_wconf 90' lang='lat' dir='ltr'><strong>spectat,</strong></span> <span class='ocrx_word' id='word_1_486' title='bbox 1229 3907 1305 3960; x_wconf 88' lang='lat' dir='ltr'><strong>multi</strong></span> <span class='ocrx_word' id='word_1_487' title='bbox 1317 3911 1343 3960; x_wconf 89' lang='lat' dir='ltr'><strong>et</strong></span> <span class='ocrx_word' id='word_1_488' title='bbox 1354 3908 1462 3977; x_wconf 79' lang='lat' dir='ltr'><strong>gravis-</strong></span> 
     </span>
     <span class='ocr_line' id='line_1_43' title="bbox 291 3991 1463 4067; baseline -0.005 -17"><span class='ocrx_word' id='word_1_489' title='bbox 291 3997 349 4050; x_wconf 91' lang='lat' dir='ltr'><strong>simi</strong></span> <span class='ocrx_word' id='word_1_490' title='bbox 361 4001 447 4067; x_wconf 88' lang='lat' dir='ltr'><strong>patres</strong></span> <span class='ocrx_word' id='word_1_491' title='bbox 459 3999 557 4064; x_wconf 85' lang='lat' dir='ltr'><strong>negent</strong></span> <span class='ocrx_word' id='word_1_492' title='bbox 568 3993 599 4046; x_wconf 92' lang='lat' dir='ltr'><strong>de</strong></span> <span class='ocrx_word' id='word_1_493' title='bbox 610 3992 733 4064; x_wconf 78' lang='lat' dir='ltr'><strong>paschate</strong></span> <span class='ocrx_word' id='word_1_494' title='bbox 745 3994 861 4047; x_wconf 89' lang='lat' dir='ltr'><strong>locutum</strong></span> <span class='ocrx_word' id='word_1_495' title='bbox 872 3991 1009 4057; x_wconf 77' lang='lat' dir='ltr'><strong>loannem,</strong></span> <span class='ocrx_word' id='word_1_496' title='bbox 1021 3991 1065 4044; x_wconf 90' lang='lat' dir='ltr'><strong>sed</strong></span> <span class='ocrx_word' id='word_1_497' title='bbox 1077 3991 1122 4045; x_wconf 85' lang='lat' dir='ltr'><strong>elii</strong></span> <span class='ocrx_word' id='word_1_498' title='bbox 1133 3997 1314 4062; x_wconf 87' lang='lat' dir='ltr'><strong>pentecosten,</strong></span> <span class='ocrx_word' id='word_1_499' title='bbox 1326 3993 1373 4046; x_wconf 88' lang='lat' dir='ltr'><strong>alii</strong></span> <span class='ocrx_word' id='word_1_500' title='bbox 1383 3991 1463 4046; x_wconf 81' lang='lat' dir='ltr'><strong>aliud</strong></span> 
     </span>
     <span class='ocr_line' id='line_1_44' title="bbox 291 4075 1462 4152; baseline -0.003 -18"><span class='ocrx_word' id='word_1_501' title='bbox 291 4083 386 4136; x_wconf 87' lang='lat' dir='ltr'><strong>iustum</strong></span> <span class='ocrx_word' id='word_1_502' title='bbox 398 4081 553 4152; x_wconf 88' lang='lat' dir='ltr'><strong>intelligunt.</strong></span> <span class='ocrx_word' id='word_1_503' title='bbox 578 4079 651 4143; x_wconf 84' lang='lat' dir='ltr'><strong>Quod</strong></span> <span class='ocrx_word' id='word_1_504' title='bbox 662 4087 748 4132; x_wconf 83' lang='lat' dir='ltr'><strong>autem</strong></span> <span class='ocrx_word' id='word_1_505' title='bbox 761 4077 859 4131; x_wconf 86' lang='lat' dir='ltr'><strong>irenaei</strong></span> <span class='ocrx_word' id='word_1_506' title='bbox 871 4077 1048 4130; x_wconf 88' lang='lat' dir='ltr'><strong>testimonium</strong></span> <span class='ocrx_word' id='word_1_507' title='bbox 1060 4075 1172 4142; x_wconf 80' lang='lat' dir='ltr'><strong>efferim,</strong></span> <span class='ocrx_word' id='word_1_508' title='bbox 1184 4078 1237 4130; x_wconf 84' lang='lat' dir='ltr'><strong>iarn</strong></span> <span class='ocrx_word' id='word_1_509' title='bbox 1249 4091 1265 4128; x_wconf 82' lang='lat' dir='ltr'><strong>s</strong></span> <span class='ocrx_word' id='word_1_510' title='bbox 1275 4077 1352 4131; x_wconf 86' lang='lat' dir='ltr'><strong>nobis</strong></span> <span class='ocrx_word' id='word_1_511' title='bbox 1365 4083 1462 4131; x_wconf 76' lang='lat' dir='ltr'><strong>cunin</strong></span> 
     </span>
     <span class='ocr_line' id='line_1_45' title="bbox 292 4161 1460 4236; baseline -0.002 -18"><span class='ocrx_word' id='word_1_512' title='bbox 292 4167 360 4220; x_wconf 89' lang='lat' dir='ltr'><strong>illius</strong></span> <span class='ocrx_word' id='word_1_513' title='bbox 373 4167 535 4220; x_wconf 85' lang='lat' dir='ltr'><strong>autoritatem</strong></span> <span class='ocrx_word' id='word_1_514' title='bbox 547 4165 734 4236; x_wconf 80' lang='lat' dir='ltr'><strong>praescriptum</strong></span> <span class='ocrx_word' id='word_1_515' title='bbox 746 4169 798 4230; x_wconf 84' lang='lat' dir='ltr'><strong>est,</strong></span> <span class='ocrx_word' id='word_1_516' title='bbox 812 4161 913 4234; x_wconf 85' lang='lat' dir='ltr'><strong>quodie</strong></span> <span class='ocrx_word' id='word_1_517' title='bbox 925 4164 1026 4217; x_wconf 89' lang='lat' dir='ltr'><strong>nullum</strong></span> <span class='ocrx_word' id='word_1_518' title='bbox 1036 4162 1106 4215; x_wconf 88' lang='lat' dir='ltr'><strong>aliud</strong></span> <span class='ocrx_word' id='word_1_519' title='bbox 1114 4161 1212 4234; x_wconf 82' lang='lat' dir='ltr'><strong>pasche</strong></span> <span class='ocrx_word' id='word_1_520' title='bbox 1220 4161 1363 4216; x_wconf 88' lang='lat' dir='ltr'><strong>secuudum</strong></span> <span class='ocrx_word' id='word_1_521' title='bbox 1372 4179 1460 4233; x_wconf 85' lang='lat' dir='ltr'><strong>agno·</strong></span> 
     </span>
     <span class='ocr_line' id='line_1_46' title="bbox 293 4247 1457 4322; baseline -0.002 -20"><span class='ocrx_word' id='word_1_522' title='bbox 293 4253 358 4303; x_wconf 81' lang='lat' dir='ltr'><strong>uerit</strong></span> <span class='ocrx_word' id='word_1_523' title='bbox 370 4269 448 4322; x_wconf 86' lang='lat' dir='ltr'><strong>quem</strong></span> <span class='ocrx_word' id='word_1_524' title='bbox 460 4249 529 4322; x_wconf 90' lang='lat' dir='ltr'><strong>quud</strong></span> <span class='ocrx_word' id='word_1_525' title='bbox 540 4269 576 4304; x_wconf 80' lang='lat' dir='ltr'><strong>vr.</strong></span> <span class='ocrx_word' id='word_1_526' title='bbox 589 4251 672 4321; x_wconf 90' lang='lat' dir='ltr'><strong>capite</strong></span> <span class='ocrx_word' id='word_1_527' title='bbox 684 4253 911 4312; x_wconf 72' lang='lat' dir='ltr'><strong>commensuratur,</strong></span> <span class='ocrx_word' id='word_1_528' title='bbox 928 4265 1040 4318; x_wconf 88' lang='lat' dir='ltr'><strong>quocum</strong></span> <span class='ocrx_word' id='word_1_529' title='bbox 1051 4248 1148 4302; x_wconf 82' lang='lat' dir='ltr'><strong>festum</strong></span> <span class='ocrx_word' id='word_1_530' title='bbox 1160 4248 1235 4302; x_wconf 90' lang='lat' dir='ltr'><strong>illurn</strong></span> <span class='ocrx_word' id='word_1_531' title='bbox 1246 4247 1316 4302; x_wconf 89' lang='lat' dir='ltr'><strong>diem</strong></span> <span class='ocrx_word' id='word_1_532' title='bbox 1326 4247 1420 4302; x_wconf 85' lang='lat' dir='ltr'><strong>lemn.</strong></span> <span class='ocrx_word' id='word_1_533' title='bbox 1431 4265 1457 4300; x_wconf 82' lang='lat' dir='ltr'><strong>r.</strong></span> 
     </span>
     <span class='ocr_line' id='line_1_47' title="bbox 294 4333 1457 4407; baseline -0.003 -18"><span class='ocrx_word' id='word_1_534' title='bbox 294 4335 444 4391; x_wconf 80' lang='lat' dir='ltr'><strong>contuderit.</strong></span> <span class='ocrx_word' id='word_1_535' title='bbox 463 4335 547 4400; x_wconf 86' lang='lat' dir='ltr'><strong>Quare</strong></span> <span class='ocrx_word' id='word_1_536' title='bbox 555 4334 604 4389; x_wconf 89' lang='lat' dir='ltr'><strong>hoc</strong></span> <span class='ocrx_word' id='word_1_537' title='bbox 613 4336 700 4407; x_wconf 91' lang='lat' dir='ltr'><strong>ipsum</strong></span> <span class='ocrx_word' id='word_1_538' title='bbox 708 4335 759 4388; x_wconf 92' lang='lat' dir='ltr'><strong>illie</strong></span> <span class='ocrx_word' id='word_1_539' title='bbox 769 4334 876 4406; x_wconf 85' lang='lat' dir='ltr'><strong>pascha,</strong></span> <span class='ocrx_word' id='word_1_540' title='bbox 889 4334 957 4406; x_wconf 92' lang='lat' dir='ltr'><strong>quod</strong></span> <span class='ocrx_word' id='word_1_541' title='bbox 966 4335 1055 4388; x_wconf 84' lang='lat' dir='ltr'><strong>loson.</strong></span> <span class='ocrx_word' id='word_1_542' title='bbox 1061 4353 1085 4387; x_wconf 88' lang='lat' dir='ltr'><strong>v.</strong></span> <span class='ocrx_word' id='word_1_543' title='bbox 1096 4333 1199 4403; x_wconf 89' lang='lat' dir='ltr'><strong>legitur,</strong></span> <span class='ocrx_word' id='word_1_544' title='bbox 1210 4333 1287 4387; x_wconf 83' lang='lat' dir='ltr'><strong>facile</strong></span> <span class='ocrx_word' id='word_1_545' title='bbox 1298 4333 1457 4395; x_wconf 68' lang='lat' dir='ltr'><strong>remiserinn</strong></span> 
     </span>
     <span class='ocr_line' id='line_1_48' title="bbox 295 4419 1458 4491; baseline -0.003 -15"><span class='ocrx_word' id='word_1_546' title='bbox 295 4419 357 4476; x_wconf 89' lang='lat' dir='ltr'><strong>dum</strong></span> <span class='ocrx_word' id='word_1_547' title='bbox 369 4437 403 4473; x_wconf 86' lang='lat' dir='ltr'><strong>ex</strong></span> <span class='ocrx_word' id='word_1_548' title='bbox 413 4421 511 4474; x_wconf 79' lang='lat' dir='ltr'><strong>henaei</strong></span> <span class='ocrx_word' id='word_1_549' title='bbox 523 4422 650 4475; x_wconf 84' lang='lat' dir='ltr'><strong>sententia</strong></span> <span class='ocrx_word' id='word_1_550' title='bbox 661 4435 825 4491; x_wconf 86' lang='lat' dir='ltr'><strong>nequaquem</strong></span> <span class='ocrx_word' id='word_1_551' title='bbox 837 4437 853 4473; x_wconf 91' lang='lat' dir='ltr'><strong>a</strong></span> <span class='ocrx_word' id='word_1_552' title='bbox 864 4421 1005 4491; x_wconf 88' lang='lat' dir='ltr'><strong>posteriore</strong></span> <span class='ocrx_word' id='word_1_553' title='bbox 1017 4421 1178 4483; x_wconf 79' lang='lat' dir='ltr'><strong>discernant3</strong></span> <span class='ocrx_word' id='word_1_554' title='bbox 1190 4435 1274 4490; x_wconf 89' lang='lat' dir='ltr'><strong>neque</strong></span> <span class='ocrx_word' id='word_1_555' title='bbox 1286 4419 1458 4490; x_wconf 71' lang='lat' dir='ltr'><strong>pluraquam</strong></span> 
     </span>
     <span class='ocr_line' id='line_1_49' title="bbox 295 4503 1457 4576; baseline -0.005 -16"><span class='ocrx_word' id='word_1_556' title='bbox 295 4507 340 4560; x_wconf 85' lang='lat' dir='ltr'><strong>illa</strong></span> <span class='ocrx_word' id='word_1_557' title='bbox 350 4503 472 4576; x_wconf 83' lang='lat' dir='ltr'><strong>paschata</strong></span> <span class='ocrx_word' id='word_1_558' title='bbox 483 4505 582 4559; x_wconf 77' lang='lat' dir='ltr'><strong>Christo</strong></span> <span class='ocrx_word' id='word_1_559' title='bbox 594 4507 716 4560; x_wconf 85' lang='lat' dir='ltr'><strong>tribuent.</strong></span> <span class='ocrx_word' id='word_1_560' title='bbox 740 4506 844 4558; x_wconf 80' lang='lat' dir='ltr'><strong>Atenim</strong></span> <span class='ocrx_word' id='word_1_561' title='bbox 861 4506 911 4558; x_wconf 86' lang='lat' dir='ltr'><strong>triu</strong></span> <span class='ocrx_word' id='word_1_562' title='bbox 925 4511 1027 4560; x_wconf 88' lang='lat' dir='ltr'><strong>tantum</strong></span> <span class='ocrx_word' id='word_1_563' title='bbox 1044 4509 1118 4558; x_wconf 88' lang='lat' dir='ltr'><strong>erant</strong></span> <span class='ocrx_word' id='word_1_564' title='bbox 1133 4505 1201 4558; x_wconf 80' lang='lat' dir='ltr'><strong>iusta</strong></span> <span class='ocrx_word' id='word_1_565' title='bbox 1213 4505 1307 4576; x_wconf 90' lang='lat' dir='ltr'><strong>quibus</strong></span> <span class='ocrx_word' id='word_1_566' title='bbox 1319 4505 1411 4558; x_wconf 68' lang='lat' dir='ltr'><strong>uatem</strong></span> <span class='ocrx_word' id='word_1_567' title='bbox 1425 4517 1457 4554; x_wconf 88' lang='lat' dir='ltr'><strong>se</strong></span> 
     </span>
     <span class='ocr_line' id='line_1_50' title="bbox 296 4589 1456 4662; baseline -0.006 -15"><span class='ocrx_word' id='word_1_568' title='bbox 296 4589 481 4658; x_wconf 76' lang='lat' dir='ltr'><strong>Hierosolymis</strong></span> <span class='ocrx_word' id='word_1_569' title='bbox 498 4591 622 4659; x_wconf 88' lang='lat' dir='ltr'><strong>oportuit,</strong></span> <span class='ocrx_word' id='word_1_570' title='bbox 638 4589 745 4662; x_wconf 87' lang='lat' dir='ltr'><strong>pescha,</strong></span> <span class='ocrx_word' id='word_1_571' title='bbox 760 4595 910 4662; x_wconf 86' lang='lat' dir='ltr'><strong>pentecoste</strong></span> <span class='ocrx_word' id='word_1_572' title='bbox 925 4597 951 4644; x_wconf 93' lang='lat' dir='ltr'><strong>et</strong></span> <span class='ocrx_word' id='word_1_573' title='bbox 966 4589 1129 4662; x_wconf 72' lang='lat' dir='ltr'><strong>scenopegia.</strong></span> <span class='ocrx_word' id='word_1_574' title='bbox 1163 4589 1228 4644; x_wconf 86' lang='lat' dir='ltr'><strong>Cum</strong></span> <span class='ocrx_word' id='word_1_575' title='bbox 1245 4603 1308 4660; x_wconf 86' lang='lat' dir='ltr'><strong>ergo</strong></span> <span class='ocrx_word' id='word_1_576' title='bbox 1324 4605 1406 4644; x_wconf 89' lang='lat' dir='ltr'><strong>unum</strong></span> <span class='ocrx_word' id='word_1_577' title='bbox 1418 4603 1456 4641; x_wconf 86' lang='lat' dir='ltr'><strong>ex</strong></span> 
     </span>
    </p>
   </div>
   <div class='ocr_carea' id='block_1_5' title="bbox 0 0 1585 5046">
    <p class='ocr_par' dir='ltr' id='par_1_6' title="bbox 0 0 1585 5046">
     <span class='ocr_line' id='line_1_51' title="bbox 0 0 1585 5046; baseline 0 0"><span class='ocrx_word' id='word_1_578' title='bbox 0 0 1585 5046; x_wconf 95' lang='lat' dir='ltr'><strong> </strong></span> 
     </span>
    </p>
   </div>
  </div>
 </body>
</html>
