3138 5044
1186 319 1280 374 CLXV

109 471 155 522 sed
167 479 194 521 st
205 472 364 524 comederent
371 471 482 540 paccio.
517 472 557 524 sd
568 471 632 525 baec
643 473 701 543 capi
709 489 777 537 ιιι,
793 473 831 526 14.
850 481 908 526 erut
918 481 1001 527 ostam
1008 491 1153 544 parasceve
1160 475 1280 546 poeotes

109 553 176 606 tore
189 559 267 624 paesi
276 566 356 612 secta.
391 557 500 611 Caetera
511 557 553 610 vel
563 559 714 612 testimonla
724 559 766 611 rel
777 565 933 629 argumenta
947 566 1090 631 praetereo.
1126 561 1194 614 Sunt
1209 561 1279 616 enim

107 640 159 692 ista
169 641 321 712 praecipua

174 724 889 800 lamiatantoopinionumautoritatumqueconlllctuin
898 747 929 784 eo
938 729 1103 801 potissimum
1113 733 1278 801 acquiescen-

107 809 169 864 dum
187 812 297 877 indicio,
313 813 382 884 quod
399 813 431 866 iis
446 815 603 868 testimoniis
619 815 777 886 approbatur
795 831 862 885 qnae
878 817 906 868 in
924 817 1032 870 alteram
1044 815 1113 869 trabi
1124 819 1279 872 sententiam

107 903 255 967 nequeant,
272 913 331 951 cum
343 904 457 964 caetera,
474 915 540 970 qnae
554 901 685 953 contraria
695 900 823 966 videntur,
839 903 972 956 conciliari
983 903 1158 972 explicarique
1170 905 1278 972 possint.

107 983 140 1034 At
150 983 284 1037 eiusmodi
296 988 336 1036 est
346 986 475 1056 posterior
486 985 543 1050 illa,
559 1001 638 1056 quam
650 985 809 1057 Epiphanius
821 987 927 1040 secutus
944 993 996 1052 est,
1014 989 1154 1052 sementia,
1172 989 1214 1042 cui
1226 1005 1279 1042 non

105 1070 198 1140 pauci,
217 1069 348 1140 iidemque
365 1070 503 1124 autoritate
521 1076 547 1124 et
563 1071 709 1126 eruditione
724 1073 855 1142 principes
867 1071 1004 1144 suffragati
1020 1078 1093 1138 suut,
1111 1075 1279 1144 maximeque

105 1153 205 1208 Paulus
218 1153 375 1224 Burgensls,
386 1155 481 1210 Paulus
492 1155 763 1228 Ferocempronisnsis
776 1159 926 1228 episcopus,
942 1159 1054 1213 Ioannes
1066 1159 1192 1224 Locidae,
1209 1159 1279 1212 Onu·

105 1239 187 1305 inlus,
207 1235 355 1304 lansenins,
369 1241 536 1295 Naidouatua
547 1248 637 1296 noster
648 1247 674 1294 et
685 1243 738 1297 alii.
774 1241 929 1314 Quanquam
941 1250 967 1297 et
978 1245 1010 1308 ii,
1027 1249 1053 1296 et
1065 1261 1156 1298 omnes
1167 1243 1223 1298 iere
1233 1246 1279 1314 qui

105 1324 237 1378 hactenus
249 1323 316 1380 hanc
333 1327 481 1397 opinionem
499 1327 614 1398 amplexi
631 1333 705 1392 sant,
722 1327 755 1381 ad
765 1330 901 1400 vulgatam
911 1329 984 1382 illam
995 1329 1120 1382 laetorum
1132 1331 1279 1384 translatio·

105 1425 166 1464 nsm
180 1417 209 1464 et
219 1411 342 1464 feriarum
359 1411 488 1466 delectum
505 1413 645 1484 coningere
662 1413 760 1479 solent,
778 1415 981 1484 existimantque
997 1416 1111 1485 primum
1128 1429 1279 1485 asymetrum

104 1497 176 1550 diem
187 1513 325 1568 nunqnam
337 1511 353 1550 a
363 1497 465 1551 ludaeis
475 1497 542 1552 ieris
553 1515 588 1553 vr.
601 1499 768 1552 celebratum.
787 1499 884 1552 Verum
895 1500 1013 1554 nondum
1024 1501 1094 1552 istud
1107 1499 1201 1554 Christi
1214 1506 1278 1554 tem·

103 1599 169 1652 pore
179 1579 354 1636 constitutum
368 1583 463 1648 luisse,
481 1583 575 1637 docent
590 1584 696 1654 ipsimet
711 1583 830 1638 Hebraei.
865 1585 903 1637 Ac
916 1585 1033 1656 prolecto
1045 1586 1068 1638 si
1079 1585 1278 1640 relicieudarunr

103 1667 503 1738 mcisosndarumqueieriarum
516 1668 644 1722 ordinaria
652 1669 745 1723 inuret
756 1671 801 1722 illa
812 1669 877 1723 ratio
889 1675 968 1739 atque
980 1671 1013 1723 ab
1025 1671 1153 1724 universis
1165 1677 1277 1740 recepta,

104 1769 193 1824 neque
205 1752 324 1807 Christus
337 1754 469 1820 dominus,
487 1769 534 1808 nec
550 1755 597 1807 ulli
609 1755 715 1808 omnino
728 1754 817 1808 ludaei
828 1756 979 1808 neomenias
990 1754 1124 1824 festosque
1136 1756 1191 1809 dias
1203 1757 1278 1810 aliter

104 1855 186 1910 quem
198 1855 233 1892 ex
245 1839 313 1908 legis
324 1840 398 1893 istius
409 1841 571 1910 praescripto
584 1841 766 1894 celebrassent.
801 1840 859 1893 Non
875 1839 944 1894 enim
961 1855 1086 1910 praeceps
1103 1857 1152 1893 uec
1167 1842 1279 1911 abrupta

102 1923 153 1978 init
164 1925 292 1979 feriarum
302 1925 349 1978 illa
359 1927 482 1990 mutatio,
495 1926 542 1978 sed
553 1926 605 1978 ianr
617 1931 672 1978 tum
685 1927 712 1978 ln
724 1927 780 1996 ipso
794 1927 855 1978 anni
867 1927 951 1996 capite
962 1925 1092 1996 provideri
1103 1941 1133 1978 ac
1146 1926 1278 1996 designari

103 2015 288 2065 consueverat.
308 2011 387 2064 Velut
398 2027 466 2066 anno
478 2012 608 2082 passionis
620 2009 719 2064 iactum
731 2027 788 2064 esse
800 2027 833 2064 ex
846 2012 968 2082 opinione
981 2011 1108 2081 Scaligeri
1120 2027 1199 2081 supra
1211 2012 1277 2064 diri·

103 2111 178 2161 mus3
190 2098 219 2150 in
232 2113 284 2167 quc
297 2111 357 2149 cum
368 2095 437 2150 'lieri
449 2113 465 2149 a
475 2095 541 2151 seria
552 2115 587 2152 rr.
600 2097 628 2150 in
640 2115 665 2150 v.
677 2098 836 2162 transiisset,
854 2111 1017 2167 consequeus
1027 2097 1079 2150 ruit
1089 2101 1120 2150 ut
1130 2103 1157 2150 et
1168 2096 1248 2150 Nisau
1261 2113 1278 2150 a

103 2197 138 2236 vr.
152 2187 363 2236 summoveretur
374 2183 402 2235 in
413 2199 459 2236 vn.
477 2183 532 2236 lloc
542 2183 623 2253 igitur
635 2184 658 2236 si
668 2183 777 2252 vulgare
789 2197 819 2235 ae
832 2191 984 2254 perpetuum
997 2189 1078 2247 esset,
1089 2199 1167 2236 nemo
1179 2200 1196 2236 a
1207 2199 1277 2236 com·

103 2269 179 2322 muni
190 2267 381 2322 consuetudme
392 2268 530 2322 recederet
552 2267 679 2332 Quocirca
690 2267 923 2322 extraordinariam
934 2268 1066 2339 quandam
1078 2275 1105 2320 et
1116 2269 1277 2339 singularem
1303 2299 1306 2308 .

103 2353 330 2424 perturbationem
341 2354 460 2407 extitisse
472 2353 611 2407 varisiruile
623 2359 674 2418 eet,
693 2369 759 2423 quae
776 2369 807 2406 eo
824 2353 953 2408 duntaxat
969 2371 1058 2407 mense
1076 2355 1277 2424 contigeritque

103 2438 226 2494 Christus
238 2456 332 2510 passus
345 2445 396 2503 est;
414 2439 478 2494 adeo
494 2445 524 2494 ut
533 2455 589 2493 non
598 2441 656 2510 ipse
667 2439 753 2492 solum
765 2455 825 2492 oum
837 2441 977 2511 apostolis,
994 2439 1039 2492 sed
1054 2444 1080 2491 et
1091 2440 1136 2492 alii
1148 2439 1249 2492 diverso
1262 2455 1279 2491 a

102 2525 216 2578 caeteris
229 2523 270 2577 die
282 2526 443 2579 celebrarint.
472 2525 539 2579 Nam
551 2531 577 2579 et
586 2525 652 2580 illud
663 2523 802 2597 Epiphanll
813 2527 893 2579 rerba
904 2527 961 2596 ipsa
973 2525 1117 2588 declarant,
1132 2523 1192 2577 cum
1206 2523 1277 2593 θόρυ-

103 2610 148 2678 βον
160 2625 192 2664 ac
205 2609 395 2664 dissensionem
407 2611 433 2664 lu
446 2611 566 2664 obeunda
577 2613 726 2665 celebritate
737 2613 860 2665 incidisse
873 2611 1032 2681 significant.

172 2697 249 2750 Hunc
261 2697 289 2749 in
301 2697 408 2750 modum
420 2697 553 2767 explicata
563 2713 579 2750 a
589 2697 667 2750 nobis
679 2711 710 2750 ac
722 2695 829 2750 detensa
840 2696 985 2750 communis
996 2695 1042 2746 illa
1053 2695 1183 2747 sententia
1194 2695 1276 2748 multo

103 2797 185 2852 qnam
198 2783 280 2836 altera
291 2783 450 2854 probabilior
461 2782 526 2834 mihi
535 2782 642 2848 ridetur,
655 2797 714 2834 cum
726 2787 780 2835 turn
793 2782 889 2834 diserta
900 2795 1076 2850 expressaque
1087 2779 1192 2832 Ioannis
1205 2781 1275 2833 testi·
1302 2809 1323 2848 p,
1335 2799 1377 2838 ras,

103 2869 195 2922 monia
207 2869 273 2934 sint,
290 2869 363 2921 nulla
378 2873 407 2920 nt
422 2868 550 2922 cavillatio
562 2869 647 2938 possit
658 2867 768 2921 eludere.
804 2865 878 2930 Quod
895 2865 964 2920 enim
976 2865 1044 2918 Nem
1055 2865 1152 2918 iesturu
1163 2863 1276 2936 paschas
1388 2903 1393 2914 .

102 2969 149 3026 pro
169 2954 240 3007 cirili
257 2954 315 3023 ipso
333 2953 374 3007 die
391 2969 422 3006 ao
439 2957 482 3005 τοῦ
500 2953 654 3025 νυχθημέρου
672 2953 808 3023 posteriori
824 2957 898 3026 parte
914 2953 982 3006 sumi
1000 2951 1105 3021 quidam
1116 2951 1276 3015 existimant,

103 3057 172 3111 qnae
186 3054 201 3092 a
214 3039 333 3109 sequenti
345 3045 403 3092 ortu
414 3039 477 3092 solis
490 3039 628 3110 inciperet,
644 3039 727 3092 idalii
739 3039 830 3093 merito
844 3037 987 3110 repudiant.
1022 3037 1113 3107 Neque
1125 3038 1194 3090 enim
1206 3053 1276 3089 conr·

102 3126 199 3179 modus
209 3124 251 3177 hic
260 3141 353 3178 seusus
362 3123 475 3177 videtur:
490 3126 653 3193 Aotcseatum
658 3125 798 3195 poscbuts'a
807 3125 923 3177 Christus
929 3123 1032 3194 pascha
1042 3123 1193 3184 celebratum
1206 3122 1276 3190 quod

102 3227 136 3265 ex
149 3212 203 3264 ista
214 3211 384 3280 responsione
396 3211 521 3282 sequitur.
545 3209 650 3264 Falsum
663 3216 689 3264 et
700 3210 763 3263 illud
776 3210 896 3280 estquod
909 3207 1067 3262 desecando
1084 3208 1189 3260 Ioannis
1203 3207 1276 3260 tasti-

101 3297 194 3351 mouio
207 3295 489 3349 dIciturelMaorlccare
500 3297 613 3366 pascha,
632 3297 663 3349 de
681 3311 846 3366 quocumque
858 3295 1022 3348 victimarum
1040 3293 1159 3363 usurpari
1171 3307 1276 3363 genere,
1298 3329 1301 3340 ,

101 3399 170 3454 quae
183 3395 230 3452 per
241 3387 362 3452 septenos
371 3381 426 3436 dics
435 3383 610 3437 immolantur.
629 3381 703 3446 Quod
712 3397 746 3435 err
755 3381 961 3444 Deutecourvr,
970 3379 995 3432 2.
1005 3385 1031 3432 et
1039 3379 1157 3432 Patalen.
1167 3393 1224 3448 cap.
1232 3377 1274 3433 30.

101 3486 133 3522 ac
145 3467 188 3521 ab.
201 3469 371 3538 comprobare
383 3469 482 3523 nititur.
506 3467 599 3521 NnNus
612 3473 652 3520 est
664 3468 734 3520 enim
745 3468 887 3538 scripturae
899 3468 984 3530 locus,
1000 3465 1045 3518 ubi
1059 3463 1203 3535 paschatis,
1220 3464 1275 3518 eive

100 3553 187 3608 Phaee
199 3553 326 3607 vocabulo
342 3552 496 3608 holocausta
508 3569 537 3607 ac
550 3553 678 3608 sacrificia
694 3559 797 3606 caetera
812 3551 999 3622 significentur,
1016 3554 1046 3603 ut
1061 3551 1180 3604 silidam
1197 3550 1275 3602 sacri·

100 3641 181 3694 ficare
192 3641 235 3692 'rel
250 3639 409 3693 manducare
424 3637 522 3705 Phese,
540 3641 608 3710 quod
627 3655 671 3693 eas
687 3639 824 3692 immolare
841 3653 871 3690 ac
888 3637 1045 3690 manducare
1056 3637 1189 3698 victimas,
1208 3650 1275 3704 quae

101 3743 148 3796 per
160 3723 284 3796 septenos
297 3741 448 3794 azymorum
461 3725 515 3778 dies
528 3726 664 3796 intemplo
679 3725 866 3779 mactabantur.
902 3723 939 3774 llo
956 3721 1152 3775 Deuteronomii
1169 3719 1275 3790 quidem

101 3813 177 3866 locus
195 3811 234 3864 ita
251 3811 435 3882 concipiendus
453 3815 505 3864 estc
534 3811 727 3882 Insmolcbs'squs
745 3810 830 3862 Pisces
847 3810 945 3861 domino
960 3810 1005 3860 cleo
1022 3817 1062 3860 tuo
1079 3825 1137 3860 oues
1153 3817 1178 3858 ct
1192 3805 1272 3859 boesa

101 3916 165 3952 axx.
187 3895 233 3947 [lui
252 3895 329 3956 θύσεις
346 3895 374 3948 c'o
392 3893 479 3967 πάσχα
496 3895 573 3966 κυρίῳ
591 3899 628 3966 τῷ
645 3897 693 3964 θεῷ
710 3913 755 3947 σου
773 3893 886 3964 πρόβατα
904 3892 944 3944 asi
962 3892 1029 3961 βόας.
1065 3891 1140 3945 lubet
1151 3891 1275 3944 nimirum

101 3980 316 4052 praesepserat
327 3981 405 4034 etlam
418 3982 482 4034 alias
498 3981 628 4034 immolari
639 3981 775 4044 victimas3·
788 3995 841 4032 non
859 3983 948 4031 antem
964 3993 1008 4031 eas
1025 3977 1144 4030 victimas
1161 3977 1275 4046 appellat

101 4067 197 4121 l'lrase.
232 4065 289 4120 lam
306 4067 383 4132 illud,
402 4067 472 4137 qnod
490 4083 517 4120 rr.
530 4065 614 4121 Peral.
632 4083 689 4137 cap.
701 4065 742 4119 35.
759 4067 884 4136 scriptum
899 4063 1046 4128 affirmant,
1061 4064 1176 4130 quodvis
1188 4062 1274 4115 distas

103 4154 232 4222 epotator
242 4151 340 4216 Pleas,
359 4162 384 4205 st
394 4153 570 4206 comedebatur
581 4151 678 4214 Pleas,
696 4151 765 4203 unde
777 4151 924 4220 acceperint
935 4149 1031 4202 uescio.
1054 4146 1193 4217 Nusquam
1204 4149 1274 4202 caim

101 4239 129 4292 id
140 4239 246 4309 legitur.
264 4237 332 4302 Quin
340 4237 429 4308 potius
437 4237 535 4308 pascha
544 4237 653 4290 caeteris
663 4237 696 4290 ab
706 4235 839 4290 sacrificiis
848 4234 987 4288 manifeste
996 4233 1156 4298 discernitur,
1169 4231 1271 4304 cap-⁹20.

103 4341 170 4378 com.
184 4323 237 4387 15.,
250 4330 277 4375 et
287 4339 345 4395 cap.
355 4323 397 4377 35.
409 4339 475 4376 com.
487 4323 526 4375 16.
538 4327 565 4375 et
578 4321 617 4377 lt.

171 4409 307 4462 Postremo
318 4420 486 4480 parascevem
497 4406 610 4478 paschae
622 4407 738 4461 inaudita
749 4407 861 4478 quadarn
873 4405 996 4477 loquendi
1007 4405 1108 4458 ratione
1120 4405 1217 4459 dictam
1228 4421 1273 4459 ro·

102 4497 161 4548 lunt
172 4509 341 4566 parascevem
354 4495 469 4559 sabbati,
482 4507 549 4564 quae
558 4491 648 4546 eadem
658 4493 802 4563 etpascha‚
814 4493 869 4545 sire
878 4493 962 4562 prima
970 4491 1025 4545 dies
1033 4507 1184 4561 azymorum
1193 4496 1271 4544 emet.

102 4579 195 4653 Neque
211 4579 281 4634 enim
297 4579 429 4652 paschatis
446 4580 528 4634 ullam
544 4591 711 4654 parascevem
726 4577 807 4634 ussa
823 4583 944 4644 canaam
962 4577 1086 4650 qnoniam
1103 4577 1176 4631 nulla
1191 4575 1272 4647 pridie
