3126 5046
1164 325 1277 382 cclxv

111 499 170 544 rann
183 481 298 538 llioaeao
310 481 453 538 athalicus
464 483 493 536 in
504 483 554 538 liar
565 483 670 538 ludaico
681 481 780 554 pascha
790 483 949 547 celebrasser
963 497 1024 538 curn
1034 489 1090 536 tam
1099 482 1187 538 ludaei
1198 497 1278 552 quam

110 583 203 623 eornm
220 569 337 624 undae
355 567 582 632 Quartadecimani
599 586 633 622 ex
651 569 783 639 Galippica
798 568 904 638 periodo
921 567 1004 624 Niaau
1020 581 1098 624 auum
1117 569 1145 622 in
1161 567 1278 638 Aprilem

110 651 275 718 diffuderint,
293 660 320 706 et
336 655 427 710 eedem
445 671 497 724 qno
513 652 634 708 catholici
645 670 736 708 mense
747 654 895 708 celebritate
907 653 1050 708 suaiuncti
1066 654 1127 708 sint.
1163 652 1238 718 Quod
1254 653 1278 708 ai

110 739 196 794 civilis
212 739 370 809 aequinoctii
387 740 527 794 terminum
539 755 556 818 ⁸.
566 739 695 810 Sosigane
707 756 737 793 ac
750 739 860 794 Caesare
871 740 1041 794 coustitutum
1053 739 1135 794 reteri
1146 737 1277 809 Calippice

110 823 223 878 ludaeos
235 825 390 895 praetulisse
401 826 460 896 quis
471 825 552 889 dicat,
565 825 653 880 citima
663 825 767 880 illerum
779 827 917 880 neomenia
926 830 952 878 et
960 825 1060 880 decima
1068 829 1161 894 quarta
1169 822 1277 894 paselea-

109 909 142 962 lis
154 925 209 964 uun
221 916 324 964 tautum
336 910 376 964 die
388 901 589 982 promerebitur,
604 911 741 966 neomenia
752 911 857 982 quidem
870 909 903 964 ad
914 911 1003 964 Martii
1014 929 1069 975 an..
1085 910 1278 979 decimaquarta

109 1011 173 1049 rero
186 995 219 1049 ad
230 997 318 1050 Martii
330 1013 400 1060 aaa,
417 1012 470 1066 quo
487 995 528 1050 die
547 995 616 1050 ciuili
633 997 667 1049 ab
684 995 749 1050 lulio
763 996 873 1050 Caesam
889 996 1084 1066 aequinoctium
1098 995 1214 1050 defixum
1229 999 1277 1050 est

110 1078 186 1134 Unde
197 1080 278 1134 nihilo
290 1082 378 1136 minus
389 1081 468 1150 cyclis
478 1097 535 1136 enr.
543 1097 574 1134 ae
586 1081 769 1138 rrx.Nicaenia
778 1081 861 1136 Niaan
872 1082 900 1136 in
906 1081 1029 1153 Aprilem,
1041 1098 1094 1136 non
1106 1081 1134 1134 in
1144 1081 1277 1144 Martium,

109 1171 246 1236 unumst
270 1167 350 1237 Atqui
361 1167 425 1222 illud
436 1167 504 1220 inter
515 1183 605 1222 omnes
618 1167 750 1232 convenit,
767 1167 922 1222 ludaeorum
939 1185 993 1222 ara.
1006 1165 1157 1236 paschalem
1171 1167 1221 1220 anb
1232 1165 1277 1220 lli·

109 1251 297 1306 caenicoucilii
306 1259 409 1322 tempus
418 1253 497 1321 cyclis
507 1253 558 1308 illis
567 1253 761 1323 aequinoctium
770 1252 855 1306 triduo
865 1269 895 1306 ac
903 1252 981 1308 biduo
990 1253 1090 1306 circiter
1099 1252 1276 1316 anterertiaae,

110 1341 140 1390 nt
157 1343 199 1390 est
214 1337 317 1392 anobis
328 1339 355 1392 in
367 1338 478 1392 diatriba
489 1337 521 1392 de
532 1338 631 1394 domini
642 1337 762 1410 passione
775 1338 940 1394 declaratum.
971 1337 1056 1401 Quare
1067 1337 1135 1392 lalaa
1146 1343 1186 1392 eet
1197 1337 1277 1392 Scali·
1303 1357 1323 1396 p.
1332 1345 1376 1386 aaa

109 1421 167 1491 geri
178 1423 340 1488 coniectura,
356 1439 422 1494 qnae
436 1423 538 1477 ludaeis
548 1429 574 1478 et
586 1423 883 1494 Τεσσαριςκαιδαατίταις
896 1422 1059 1494 Galippienm
1070 1439 1169 1478 annum
1181 1429 1207 1478 et
1218 1423 1275 1478 Ale

109 1506 255 1562 aandream
267 1508 401 1578 periodum
418 1508 531 1579 affingit
564 1509 642 1564 Falco
653 1509 743 1564 itidem
754 1509 872 1564 eiusdem
883 1508 1061 1564 Alexandreae
1072 1508 1171 1580 periodi
1181 1507 1276 1562 deseri·

108 1593 179 1664 ptie,
196 1607 264 1662 quae
276 1595 320 1646 lib.
330 1611 358 1648 rr.
370 1593 402 1648 de
413 1593 522 1648 Emend.
536 1610 595 1665 pag.
605 1593 648 1650 63.
659 1595 824 1666 prepeditum
839 1601 967 1666 quatenns
982 1593 1092 1650 indues
1107 1595 1180 1648 illam
1190 1594 1276 1664 ipsam

108 1678 144 1732 ad
155 1678 259 1734 uirilem
271 1693 348 1732 nsum
366 1679 576 1734 accommodasse
594 1685 679 1751 putat,
697 1695 730 1732 ex
748 1695 831 1749 eaque
848 1679 953 1734 ludaico
969 1677 1105 1750 paschata,
1122 1679 1275 1749 praeaertim

110 1779 178 1832 quae
199 1761 316 1818 Christus
333 1764 455 1818 dominns
474 1765 550 1829 obiit,
567 1765 612 1820 lib.
622 1783 657 1820 vr.
669 1765 700 1818 ds
714 1765 900 1820 Emendatione
912 1765 1070 1836 Tempernm
1092 1765 1169 1820 certis
1186 1764 1275 1820 ebara-

109 1849 224 1904 eteribus
237 1848 366 1920 deaignat.
400 1849 467 1904 Nam
479 1850 506 1904 in
518 1851 562 1904 illo
574 1851 710 1915 laterculo,
722 1851 796 1920 cyclo
808 1849 922 1904 Nicaeno
934 1867 991 1904 einr.
1003 1857 1134 1914 currente,
1151 1867 1219 1904 auno
1231 1867 1274 1922 ps-

108 1933 175 1990 riodi
186 1953 250 1999 asu,
261 1933 343 1990 Niaan
355 1935 443 1990 Martii
455 1953 490 1990 rx.
504 1936 641 2006 competit,
652 1952 714 1990 cnm
724 1936 760 1990 sit
770 1951 855 1992 annue
867 1935 1013 1990 munionis
1025 1933 1188 2006 bnplpeporq
1201 1935 1275 1990 onina

108 2020 178 2076 Tiari
192 2020 250 2076 iniit
265 2019 403 2092 Septim,
419 2021 493 2090 cyclo
504 2039 550 2076 uss.
563 2019 684 2076 Nicaeuo.
718 2021 773 2074 Hoc
791 2037 852 2074 rero
869 2020 1024 2076 ludaeorum
1043 2021 1275 2076 venustissimoruru

107 2106 243 2160 autoritati
252 2105 408 2176 reiragatur.
442 2107 484 2162 lix
498 2106 593 2177 quibua
605 2113 724 2162 constare
735 2107 798 2160 illud
809 2107 1059 2170 demonstrauimus,
1071 2105 1275 2178 decimumquar-

107 2197 164 2246 tam
174 2190 257 2246 Niaau
269 2207 404 2261 nunqnam
416 2209 461 2263 per
471 2193 518 2256 illa
528 2199 646 2262 tempora
656 2192 738 2248 civilia
751 2192 909 2262 aequinoctii
920 2193 1091 2262 praeuertisse
1102 2191 1179 2246 diem.
1207 2187 1275 2254 Quu-

108 2277 180 2332 enea
190 2291 251 2330 cum
263 2277 457 2346 aequinoctium
468 2278 543 2330 civile
556 2276 717 2348 calipplcun
728 2279 756 2332 in
768 2295 840 2332 xxvi.
852 2277 941 2332 Martii
952 2277 1110 2342 constiterit,
1127 2293 1180 2332 nou
1191 2277 1277 2348 putuit

108 2361 249 2416 neomenia
260 2361 342 2416 Nisan
354 2371 414 2418 ante
426 2364 513 2416 llartii
523 2381 580 2418 arn.
597 2363 725 2428 accidere,
743 2365 877 2434 multoque
894 2363 981 2418 minna
999 2363 1032 2416 ad
1049 2379 1149 2418 nonum
1165 2363 1276 2418 unusne

108 2447 192 2511 diem,
204 2452 235 2500 ut
246 2465 300 2502 arv.
312 2440 339 2502 in
352 2448 503 2502 vicesimum
515 2449 659 2503 secundnm
669 2450 819 2504 incurreret
840 2447 914 2512 Quod
925 2449 993 2502 idem
1005 2453 1033 2502 et
1043 2449 1074 2502 de
1087 2449 1160 2518 cyclo
1171 2467 1226 2504 xrs.
1238 2449 1275 2504 di-

108 2531 221 2588 cendum
233 2539 282 2588 eet.
306 2532 445 2604 Propterea
456 2532 585 2603 paschalis
600 2534 647 2590 illa
662 2533 797 2606 διαστροφὴ
813 2533 916 2588 ludaeis
932 2549 963 2588 ac
975 2533 995 2586 Τ
997 2532 1275 2602 εσσαρεσκαιδικατίταις

108 2617 199 2672 oblata
209 2625 262 2682 est,
279 2625 308 2670 nt
323 2635 413 2674 eorum
425 2619 618 2688 decimaquarta
628 2618 757 2689 paschalis
768 2620 961 2689 aequinoctium
974 2625 1157 2688 praeverteret,
1173 2635 1206 2672 ex
1223 2619 1274 2672 alin

108 2703 182 2772 tyele
194 2718 295 2758 aunone
308 2719 387 2773 quam
398 2703 531 2774 Calippico
546 2719 655 2758 manare
672 2703 774 2766 debnit;
790 2704 919 2758 eiusmodi
935 2704 1047 2768 scilieet,
1063 2705 1091 2758 in
1109 2720 1160 2776 quo
1177 2703 1275 2758 lunaria

107 2787 347 2851 meadeoaeteris,
359 2788 472 2854 iuliane,
492 2788 542 2844 heo
553 2795 594 2844 eet
605 2788 748 2858 calippio,
764 2791 843 2858 longe
855 2789 940 2843 minor
954 2795 1036 2853 essem
1054 2789 1092 2842 nti
1107 2805 1187 2860 snpra
1197 2788 1274 2844 lusia·

107 2873 175 2928 sime
187 2873 347 2944 disputatum
358 2875 387 2928 iu
399 2873 579 2928 dissertatione
591 2874 635 2928 illa
647 2873 678 2926 de
693 2891 761 2928 anno
779 2873 891 2928 ludaico.
925 2873 1063 2928 Neminem
1079 2874 1144 2930 men
1161 2876 1275 2944 pervica-

107 2973 167 3014 cem
178 2976 209 3014 ac
221 2959 347 3030 Scaligari
357 2959 503 3014 studiosum
515 2959 617 3014 conlido
629 2959 698 3023 lore,
710 2960 774 3028 quin
786 2960 863 3014 ambo
874 2961 938 3024 iata,
951 2975 1017 3029 quae
1030 2959 1113 3020 inille
1126 2960 1158 3014 de
1167 2959 1275 3023 Quarta·

106 3044 253 3098 decimauis
264 3046 348 3115 capite
360 3046 461 3114 posuit,
479 3045 624 3114 pugnantia
640 3055 666 3098 et
680 3045 810 3098 contraria
821 3061 878 3098 esse
889 3044 1015 3100 latentur:
1030 3044 1153 3102 nimirum
1164 3045 1274 3100 ludaeos

106 3129 271 3198 Galippicum
283 3131 345 3184 anni
356 3129 464 3184 modum
476 3130 584 3200 eiusque
595 3130 730 3200 periodum
742 3131 775 3184 ab
786 3131 862 3184 annis
875 3131 988 3201 amplius
996 3131 1119 3184 nocentia
1130 3137 1189 3186 ante
1201 3137 1274 3186 nata·

105 3215 160 3268 lem
171 3213 272 3268 domini
283 3214 316 3268 ad
328 3231 426 3270 annum
439 3229 562 3270 cccxnrv.
576 3223 636 3285 post
648 3215 759 3270 eundem
772 3231 923 3287 usurpasse,
940 3223 967 3270 et
980 3217 1038 3270 illos
1051 3214 1218 3272 nihilominus
1231 3233 1274 3286 ey·

105 3299 157 3356 ulia
168 3297 291 3354 Nicaenis
303 3317 359 3354 rrn.
371 3317 402 3354 ae
414 3317 468 3354 arx.
481 3299 563 3354 Nisan
575 3317 652 3354 auum
664 3301 752 3354 Martii
762 3320 785 3356 v.
799 3308 876 3371 atque
887 3319 921 3356 vr.
934 3301 1060 3372 coepisse.
1083 3301 1159 3365 uuna
1170 3303 1275 3356 nonnisi

105 3403 140 3440 ex
159 3385 354 3440 neomeniarum
372 3386 551 3440 antecessione
564 3402 595 3438 ao
611 3386 696 3438 lnnmi
712 3385 979 3456 apcquurraccidere
996 3388 1088 3456 potnit
1123 3385 1275 3442 cninnont

105 3471 208 3526 nullam
217 3470 365 3541 Galippions
377 3486 461 3524 annus
473 3471 601 3539 agnoscit.
617 3471 673 3524 Hoc
685 3471 837 3540 opinionum
846 3471 1087 3542 divinationumque
1099 3471 1221 3526 conflictu
1233 3471 1274 3528 his

105 3556 251 3612 maurini
261 3556 374 3628 stuporis
386 3561 542 3626 argumenta
554 3555 732 3625 Scaligeriana
744 3557 828 3610 omnis
840 3555 956 3610 doctriua
967 3556 1061 3612 relenta
1076 3565 1123 3612 est.
1158 3559 1274 3622 Quorum

105 3659 155 3696 nos
167 3642 280 3712 sparsim
291 3639 332 3696 bis
343 3642 372 3694 in
385 3639 672 3706 Animadversionibns‚
689 3647 767 3712 prout
778 3657 836 3696 sese
848 3643 951 3696 occasio
963 3642 1046 3708 dedit,
1058 3643 1189 3713 specimen
1200 3659 1273 3714 prae·

105 3727 226 3782 buirunas
237 3727 337 3796 reliqna
348 3743 426 3780 anum
438 3741 469 3780 ac
480 3727 649 3798 praecipuum
661 3743 726 3797 opus
739 3733 886 3797 expectant.

265 3963 309 4018 Du
327 3964 460 4018 DUPLlGl
479 3965 587 4020 CYCLO
605 3967 648 4022 ET
665 3965 942 4022 EMBOLISMORUM
959 3967 1114 4022 RATIONE
1299 4001 1374 4054 m,

173 4067 279 4137 Duplex
292 4067 360 4138 apud
372 4075 471 4122 vetares
484 4071 598 4138 computi
609 4070 750 4138 magistros
763 4071 825 4122 elim
837 4070 925 4139 cyclus
941 4070 1041 4134 extitit,
1059 4085 1118 4124 cnm
1137 4071 1209 4124 aurei
1226 4087 1272 4124 nu-

102 4153 172 4208 meri
182 4153 260 4206 hstis
271 4152 488 4219 adscriberentur,
500 4154 565 4208 alter
577 4153 832 4219 decemnovennalis,
845 4155 909 4208 alter
920 4156 1028 4210 lunera.
1045 4155 1272 4212 Decemuorenna·

102 4239 145 4304 lia,
159 4247 189 4291 nt
199 4235 272 4292 Beda
283 4238 387 4308 caepim
399 4239 502 4302 incolat,
515 4239 548 4292 ad
560 4237 710 4292 methodum
720 4239 970 4308 quartadecimarum
981 4239 1144 4311 paschalium
1152 4242 1273 4296 inuentus

103 4331 158 4388 est,
176 4329 207 4378 ut
222 4329 291 4378 stato
307 4323 350 4376 elie
362 4324 479 4394 quolibet
491 4340 558 4378 anno
574 4339 620 4394 per
632 4323 721 4378 orbern
738 4325 860 4378 redirent.
891 4325 973 4380 liuius
991 4327 1095 4380 initium
1112 4332 1164 4392 eat,
1182 4333 1272 4382 autore

102 4408 191 4473 Beda,
209 4425 225 4462 a
241 4407 361 4478 paschali
377 4425 480 4472 mense,
500 4407 549 4462 boo
568 4416 607 4462 est
623 4426 640 4462 a
657 4411 745 4464 citime
763 4411 887 4475 termino,
905 4411 950 4480 qni
966 4417 1007 4464 est
1024 4429 1071 4466 aar.
1083 4411 1190 4466 Kalend.
1202 4413 1272 4482 Apa,

101 4494 195 4548 Martii
206 4511 261 4548 aar.
296 4493 376 4548 Cuius
394 4495 493 4564 primus
506 4511 590 4548 annus
605 4509 713 4548 anrenrn
729 4513 867 4550 nnmerum
884 4495 961 4550 habet
973 4513 1028 4550 arr.
1043 4498 1142 4566 initque
1159 4513 1192 4550 ex
1210 4513 1234 4550 a.
1246 4498 1270 4552 d.

101 4579 171 4651 prid
182 4577 251 4636 Non.
262 4579 335 4649 Apu,
351 4579 406 4634 sire
417 4580 513 4648 Aprilis
526 4597 569 4646 ru,
587 4582 629 4636 cui
645 4581 673 4636 in
687 4587 772 4636 uetere
788 4581 944 4636 llalendmio
960 4581 1106 4654 adscriptus
1122 4589 1163 4636 est
1178 4599 1271 4638 eureus
