3138 5044
298 331 401 388 oum

296 487 366 544 illins
377 487 429 542 diei
439 487 540 542 cibaria
547 488 715 560 parabantur,
727 501 788 542 cunr
798 486 825 542 id
836 488 893 559 ipsc
905 487 973 542 testo
984 488 1074 542 liceret
1085 502 1171 558 agere.
1189 487 1286 542 Verum
1297 487 1357 559 qnia
1368 487 1461 559 estqui

296 573 458 630 tolerabilem
466 573 534 628 hanc
541 574 667 644 loquendi
672 573 784 628 tomen
793 579 866 646 putet
874 589 946 637 esse,
954 579 984 628 ut
992 589 1133 644 parasceve
1141 571 1272 644 psschatie
1281 573 1316 626 sit
1323 587 1460 644 parasceve

297 660 411 724 sabbati,
423 660 450 712 in
462 675 542 730 quem
553 661 678 714 incideret
689 657 805 730 pasche?
825 657 941 712 Nimium
953 657 1002 712 hoe
1015 659 1158 712 absurdum
1170 665 1216 713 ιιι.
1240 658 1292 712 Sed
1304 664 1331 712 et
1340 657 1405 712 illud
1414 658 1461 714 lal-

296 745 444 810 aisaimum,
459 745 559 815 primae
574 745 626 800 diei
641 761 792 814 azymorum
809 749 1022 814 caeterorumque
1038 743 1166 798 laetorum
1181 759 1349 815 parascevem
1365 743 1461 798 nullam

296 831 392 897 inisse,
404 830 473 902 quod
485 846 519 884 ex
531 831 708 884 Hebraeorum
720 831 822 902 scriptia
835 829 869 884 ab
880 829 939 882 eliis
950 829 1092 884 refutatum
1104 835 1154 895 est,
1171 835 1201 884 ut
1215 831 1243 884 in
1260 846 1291 884 ec
1307 829 1462 886 commorari

296 915 361 972 nihil
372 917 407 970 sit
417 931 532 970 necesse.
550 915 597 970 liet
605 915 669 970 illud
678 915 783 986 quidem
792 919 862 970 recte
871 915 1048 969 inhnnalibns
1057 916 1233 981 obsemtum,
1244 915 1317 970 nulla
1324 931 1462 986 parasceve

297 1002 331 1056 ad
342 1002 414 1056 cibos
425 1003 453 1056 in
461 1001 559 1056 loetum
570 1001 639 1056 diem
650 1001 815 1072 appetendos
827 1017 893 1072 opna
904 1000 998 1066 luisse,
1015 1001 1086 1071 qnod
1101 1002 1129 1055 in
1145 1001 1208 1056 rods
1224 1001 1342 1055 sabbatis
1354 1017 1462 1072 coquere

297 1087 369 1142 cibos
379 1087 545 1142 interdictum
557 1092 641 1153 esset,
652 1088 741 1142 liceret
752 1087 779 1140 in
792 1087 913 1152 caeteris,
924 1087 952 1140 in
964 1103 1016 1157 quo
1027 1087 1166 1158 plerosque
1174 1087 1244 1140 viros
1255 1085 1369 1140 eruditos
1381 1085 1463 1140 hallu·

296 1175 396 1228 cinatos
413 1189 471 1228 esse
487 1173 647 1228 monuimus.
682 1171 734 1226 Sed
751 1177 853 1242 praeter
870 1171 970 1228 cibaria
985 1177 1088 1226 ιοιιιιαι
1104 1171 1157 1226 alia
1173 1171 1302 1242 quaedam
1317 1172 1464 1244 praeparari

297 1259 457 1330 oportuisse,
475 1275 542 1329 quae
557 1265 603 1312 aut
620 1259 719 1328 absque
737 1258 825 1312 servili
837 1273 914 1328 opere
926 1257 1053 1328 praestari
1064 1274 1119 1312 nou
1129 1263 1251 1328 possent,
1268 1263 1316 1312 aut
1331 1257 1365 1312 ad
1382 1258 1462 1330 ipsine

296 1345 358 1398 isati
368 1345 545 1398 celebritatem
556 1343 697 1398 ineundam
708 1343 837 1398 anteverti
848 1343 979 1400 deberent.
997 1342 1123 1407 Quocirca
1133 1341 1199 1398 nihil
1210 1345 1328 1414 estquod
1339 1341 1462 1398 adversus

296 1436 350 1484 tam
363 1429 508 1484 evidentem
520 1428 625 1484 Ioannis
636 1429 802 1484 autoritatem
814 1429 898 1500 puerit
913 1429 1007 1500 excipi.
1043 1430 1078 1482 ut
1089 1445 1149 1482 vero
1168 1443 1235 1500 qnae
1252 1445 1287 1482 ex
1304 1429 1362 1482 aliie
1380 1429 1463 1482 tribua

298 1516 466 1586 evangelistis
479 1521 568 1570 contra
579 1513 646 1568 hauc
658 1515 807 1586 opinionem
818 1513 990 1578 adducuntur,
1001 1514 1075 1568 nullo
1085 1514 1194 1585 negotio
1205 1514 1385 1570 concilientur.
1404 1513 1463 1589 ‘Pri-

297 1617 368 1656 mam
380 1601 450 1656 euim
462 1601 499 1654 illi
510 1601 578 1654 diem
590 1615 742 1670 azymorum
754 1605 850 1654 vocant
866 1616 924 1654 eant
941 1599 1053 1665 scilicet,
1070 1600 1144 1654 cuius
1159 1599 1187 1652 in
1198 1615 1335 1670 vesperem
1350 1597 1464 1670 ριιιιιι

298 1686 433 1740 celebritas
450 1692 477 1738 et
493 1703 646 1756 armorum
662 1685 766 1740 initium
783 1685 938 1750 incurreret,
959 1686 1050 1756 utique
1067 1687 1177 1756 exlege
1194 1685 1375 1756 maiorumque
1391 1700 1463 1755 prae·

297 1772 406 1843 script03
424 1771 494 1842 qnod
511 1771 720 1826 mmedvertens
737 1770 821 1825 Lucae
838 1771 977 1841 prudenter
995 1769 1101 1835 adiecit,
1119 1767 1144 1822 lv
1161 1763 1176 1841 ᾖ
1194 1765 1242 1822 ἔδει
1259 1769 1368 1840 θύεσθαι,
1389 1771 1464 1840 qnasi

297 1857 402 1912 Scribas
415 1874 445 1910 ac
455 1856 609 1912 Pharisaeos
622 1855 727 1928 oblique
739 1861 854 1921 notaret,
871 1856 917 1926 qni
932 1853 957 1908 lv
969 1849 984 1928 ᾗ
998 1854 1044 1908 ele
1055 1851 1103 1909 lter
1114 1855 1330 1910 sacrificaverant.
1352 1855 1465 1910 edures

298 1959 463 1998 communem
474 1942 542 1998 hanc
552 1941 792 2014 interpretationem
803 1943 951 1996 coniectura
961 1943 1008 1996 illa
1022 1947 1125 2006 nocua,
1142 1957 1222 2013 quam
1239 1949 1317 1995 antee
1331 1941 1465 2012 proposui·

297 2045 370 2098 mua,
382 2028 510 2084 eiusmodi
521 2034 583 2082 tnnc
595 2027 678 2082 luisse
689 2027 866 2082 celebritatem
877 2026 1021 2098 puechat'nv,
1034 2033 1065 2082 ut
1074 2045 1136 2082 cum
1146 2031 1312 2099 praepostere
1324 2043 1355 2082 ae
1365 2033 1464 2098 pertur-

298 2114 358 2168 bste
370 2131 386 2169 a
398 2115 508 2168 concilio
520 2113 701 2168 denuntiatum
714 2117 797 2179 esset,
813 2121 891 2184 atque
905 2113 985 2168 etiam
997 2113 1035 2168 illi
1046 2113 1158 2168 tomaeee
1169 2113 1349 2184 praestitutam
1360 2129 1465 2168 neome-

297 2201 369 2254 niam
385 2199 568 2271 paschatisque
585 2199 654 2254 diem
671 2199 859 2264 retexuissent,
876 2199 994 2270 plerique
1014 2215 1075 2252 cnm
1090 2197 1193 2252 christo
1203 2205 1237 2254 et
1251 2198 1377 2269 apostolia
1396 2197 1464 2252 diem

297 2285 371 2340 illum
383 2285 573 2341 observandum
584 2285 743 2356 putaverint,
762 2301 814 2356 quo
830 2285 903 2356 priua
919 2291 946 2338 et
957 2284 1062 2356 quidem
1073 2284 1190 2354 legitimo
1202 2289 1319 2355 tempore
1330 2283 1416 2338 luerat
1425 2285 1464 2338 in·
1561 2313 1562 2362 3

298 2369 409 2434 dietum,
425 2387 511 2442 neque
522 2387 618 2424 vanam
633 2369 705 2424 illam
716 2371 902 2440 magistrorum
913 2369 1123 2426 temactatienem
1134 2369 1288 2424 curaverint
1310 2368 1352 2424 Ex
1363 2385 1415 2440 que
1426 2369 1464 2424 te·

298 2461 369 2512 ctum
380 2457 416 2510 sit
426 2461 456 2510 ut
467 2455 578 2526 apostoli
590 2461 680 2526 perata
692 2455 761 2528 apud
772 2457 847 2510 illum
858 2453 989 2526 hospitem
1000 2455 1090 2510 omnia
1100 2456 1251 2526 repererint.

365 2539 568 2612 Σιλλαρβάνιται
580 2540 607 2594 δι
618 2545 648 2612 τῇ
660 2539 748 2612 τρίτῃ]
767 2543 823 2596 lem
835 2539 902 2594 heac
909 2541 998 2596 {acilia
1009 2545 1082 2604 snut,
1093 2541 1224 2594 intellecta
1235 2541 1317 2594 semel
1327 2539 1465 2611 lipiphanii

298 2628 435 2682 sententie.
454 2625 609 2698 Quanquam
620 2627 785 2682 librariorum
796 2627 875 2697 culpa
886 2625 1014 2696 quaedam
1026 2633 1089 2680 sunt
1100 2631 1226 2698 concepta
1236 2641 1387 2698 perperam
1398 2641 1465 2697 qnae

297 2729 331 2768 ex
343 2713 532 2786 diagrammate
544 2713 698 2783 corrigenda
709 2719 778 2766 eunt.
802 2712 941 2766 Caeterum
951 2710 1065 2783 bpcprvbv
1077 2727 1136 2766 erm
1146 2713 1238 2766 lunam
1248 2716 1336 2776 vocet,
1351 2727 1419 2782 quae
1430 2713 1465 2764 ci·

298 2800 381 2854 viliter
392 2801 426 2854 ab
439 2807 496 2854 ortu
507 2800 570 2853 solis
583 2799 616 2852 ad
628 2813 750 2852 occasum
762 2797 925 2868 perducitur;
937 2796 1074 2870 νυκτερινὴν
1082 2813 1144 2852 vero
1154 2813 1221 2868 quae
1233 2805 1337 2852 noctem
1346 2801 1464 2868 occupat.

298 2883 356 2949 Qua
366 2903 400 2940 ex
412 2885 593 2940 observatione
605 2889 741 2954 corruptae
752 2883 872 2938 lectionis
885 2883 978 2936 vitium
994 2899 1040 2954 per
1057 2899 1114 2936 sese
1125 2883 1252 2954 proditur.
1275 2883 1365 2937 Scribe
1377 2883 1464 2954 igitur,

298 2975 388 3024 autore
399 2970 523 3042 Keplero,
535 2969 634 3039 ripere
646 2966 827 3040 τριςκαιδεκάτη
840 2967 975 3038 νυκτερινὴ,
987 2966 1087 3040 hpeptvh
1097 2967 1124 3020 hl
1134 2967 1269 3034 euertere.
1289 2967 1364 3033 Quod
1375 2969 1464 3039 adque

297 3057 474 3110 necessarium
486 3061 537 3120 est,
553 3055 576 3107 si
589 3051 672 3124 τετρὰς
684 3054 763 3108 luerit
774 3051 901 3120 δωδεκάτη
914 3053 1045 3125 inrupit-d.
1080 3053 1148 3108 Nam
1159 3051 1208 3108 leae
1220 3055 1272 3108 eibi
1283 3054 1396 3108 invicem
1407 3071 1464 3109 sue-

298 3140 406 3206 cedunt,
421 3147 451 3194 nt
466 3157 533 3212 quse
545 3138 666 3211 νικτιρινὴ
677 3139 756 3194 luerit
766 3139 813 3192 liat
825 3137 933 3210 bprptvvl.
971 3139 1067 3194 Notum
1085 3140 1156 3194 enim
1173 3145 1213 3193 est
1229 3139 1340 3194 ludaeos
1357 3155 1374 3193 a
1389 3145 1464 3196 noem

299 3225 368 3280 diem
379 3226 515 3296 auspicari.
549 3223 661 3290 Deinde,
679 3221 853 3296 προσάββατον
869 3222 1114 3297 τιιιαριςκαιδειᾶτη
1131 3223 1253 3295 νυκτερινὴ
1271 3225 1319 3296 τρι
1332 3226 1464 3296 δεκατριῶν

298 3309 361 3364 iet.
395 3311 463 3364 Nam
475 3311 592 3382 superior
603 3311 658 3364 dies
670 3311 718 3380 τρι
732 3307 916 3382 δεκατεσσάρων
928 3311 981 3364 iam
992 3309 1092 3366 hebuit.
1127 3311 1193 3364 item
1206 3309 1330 3380 σάββατον
1343 3327 1464 3364 ιτεντικαι-

299 3394 388 3462 δεκάτη
400 3397 530 3466 νικττριτιῑ.
565 3395 632 3450 ilem
644 3395 675 3450 de
687 3395 802 3450 Nicaeae
813 3396 876 3450 luna
889 3396 1011 3468 loquitur,
1028 3413 1082 3450 nou
1098 3396 1129 3450 de
1146 3395 1259 3450 iudaice.
1294 3395 1366 3460 Quae
1378 3398 1463 3452 omnia

298 3499 333 3536 ex
344 3482 471 3552 superiori
480 3481 605 3535 laterculo
617 3482 757 3552 repetenda
767 3487 837 3536 sunt.

367 3565 559 3635 Ἐτιρώσκουσα
570 3567 692 3636 supleat]
721 3565 771 3632 Qni
786 3566 855 3620 hunc
871 3566 1009 3638 Epiphanii
1026 3568 1114 3622 locum
1129 3567 1267 3638 percurrit,
1285 3567 1423 3640 diligenter
1439 3569 1463 3622 id

298 3649 503 3708 animadvertere
512 3651 589 3706 debet
599 3652 669 3722 quod
680 3653 807 3724 superiori
816 3653 997 3706 dissertatione
1009 3654 1114 3724 copiose
1124 3653 1249 3707 traditum
1261 3659 1315 3720 est,
1326 3653 1395 3708 laisa
1403 3653 1463 3710 haec

298 3754 357 3794 esre
369 3753 435 3810 quee
447 3736 478 3791 de
493 3737 557 3790 luna
573 3737 692 3792 dicuutur
709 3737 798 3792 omnia
814 3743 841 3792 et
857 3755 890 3792 ex
902 3737 1041 3808 Epipheuii
1053 3737 1257 3794 hallucinatione
1273 3739 1405 3810 profecta;
1421 3741 1464 3812 qui

298 3823 492 3896 aequinoctium
506 3839 521 3876 e
534 3840 594 3876 xxv.
603 3823 690 3877 Martii
702 3823 734 3876 ed
747 3841 825 3888 xxm,
841 3823 1015 3894 plenilunium
1025 3841 1087 3878 vero
1099 3823 1133 3877 ab
1145 3824 1237 3878 eadem
1249 3841 1310 3878 xxv.
1322 3825 1365 3880 die
1376 3843 1411 3880 ex
1422 3825 1464 3880 lli·

298 3927 381 3964 caena
391 3909 517 3973 termule,
532 3908 574 3961 vel
590 3909 677 3978 potine
692 3925 790 3964 axrvr.
802 3909 908 3980 perinde
920 3909 953 3962 ed
966 3927 1030 3964 xxm.
1042 3911 1210 3964 transtulerit
1244 3909 1300 3974 Quo
1318 3913 1406 3982 posito
1424 3929 1464 3982 cy·

299 3997 398 4050 olorum
410 3995 527 4049 omnium
539 4009 570 4047 ac
580 3993 705 4048 ierlarum
721 3995 849 4050 rationem
865 3995 1024 4066 permiscuit.
1055 3993 1127 4058 Quae
1145 4011 1260 4066 quonam
1276 4003 1354 4067 pecto
1371 3998 1465 4068 corrigi

298 4087 418 4150 possent,
431 4085 458 4134 et
467 4082 494 4134 in
506 4081 576 4134 viam
587 4078 622 4132 ab
634 4095 720 4132 errore
732 4079 836 4144 deduci,
847 4097 927 4150 snpre
938 4080 1134 4136 declaravimus.
1158 4081 1286 4152 igiturex
1298 4087 1338 4136 tot
1350 4099 1465 4138 errorum

299 4167 461 4236 argumentis
472 4171 535 4220 uate
547 4164 690 4218 estvitioaa
700 4165 746 4218 illa
754 4164 818 4217 levia
830 4180 899 4218 enno
908 4165 1009 4219 Iuliano
1019 4183 1120 4231 euve,
1131 4165 1230 4220 hocest
1238 4167 1372 4222 dominica
1379 4170 1465 4224 Martii

299 4267 380 4316 xxm,
396 4267 456 4304 cum
466 4267 557 4306 revere
567 4255 637 4303 esset
647 4249 714 4302 ieria
724 4267 749 4304 v.
776 4246 969 4319 Ἐτιρώτκιισα
980 4267 1043 4322 ergo
1056 4250 1157 4322 eoprerb
1169 4253 1259 4306 lunam
1270 4251 1363 4308 hahuit
1374 4273 1418 4312 xv.
1430 4255 1465 4320 di·

300 4351 401 4388 urnam
432 4337 479 4390 liic
491 4334 665 4406 ἔτιρώιιουια
676 4334 779 4406 proprie
791 4336 910 4388 sumitur.
943 4335 1044 4408 Quippe
1057 4355 1122 4394 τιτι,
1134 4336 1175 4390 die
1188 4337 1221 4391 ab
1234 4343 1292 4392 ortu
1304 4339 1369 4394 solis
1381 4343 1467 4413 coepit

300 4437 344 4474 xv.
357 4417 456 4474 diurna.
486 4421 559 4476 Unde
571 4419 670 4491 bpeprvb
681 4435 729 4491 pro
742 4419 863 4489 νυκτερινὴ
875 4421 1067 4476 substituimus.
1093 4423 1216 4494 Alioquin
1228 4421 1243 4490 ἡ
1257 4423 1359 4495 rupturi
1371 4443 1414 4480 xv.
1427 4445 1466 4478 vo-

302 4501 395 4573 κτιρινὴ
407 4503 458 4558 dici
468 4511 564 4574 potest,
580 4505 604 4558 si
619 4507 676 4559 eius
691 4505 796 4558 initium
812 4505 845 4559 eh
861 4507 1029 4562 antecedente
1040 4513 1117 4562 nocte
1133 4513 1275 4580 reputatur.
1309 4509 1402 4582 hisque
1413 4529 1464 4566 vox

301 4587 475 4660 lerpdceevee
484 4591 622 4660 quicquam
631 4591 730 4656 obser,
743 4605 810 4662 quae
820 4606 944 4662 persaepe
953 4592 985 4646 de
996 4583 1162 4650 dlucescente
1172 4595 1226 4666 die,
1238 4611 1430 4668 nunnunquam
1441 4603 1464 4652 et
