3126 5046
307 319 460 376 ootxxvl

306 475 334 528 in
346 475 440 546 quibus
452 475 528 546 peuoi
539 473 669 527 duutexet
679 472 806 544 episcopi,
824 472 869 543 qul
879 472 947 526 torte
964 473 997 526 ed
1008 473 1191 544 impensiorem
1208 477 1386 538 ecceeeereut,
1402 487 1468 528 eure·

295 561 446 614 ¹sunnio-ntis
464 559 579 612 consiliis
595 575 665 612 nore
677 558 739 612 fidei
751 558 853 612 decretu
870 558 1047 616 condiderunt.
1082 557 1209 623 Quociros
1225 559 1338 629 primm
1355 559 1468 612 onmem

307 651 397 700 contre
405 644 544 698 Photinum
553 643 642 698 Sirmii
651 645 790 698 concilium
800 643 922 713 generele
932 643 1079 698 θοιιιιιιίἰ
1088 644 1164 698 iussu
1175 644 1343 708 celebretnm,
1355 643 1388 696 de
1398 643 1468 696 coins

308 747 377 784 enno
389 737 481 801 postes
492 731 688 784 constituemus.
721 729 760 782 lbi
771 729 883 782 lormule
893 729 940 782 ille
949 728 1011 782 fidei
1023 729 1100 794 edite,
1112 729 1144 783 de
1154 745 1208 800 que
1219 729 1338 800 proxime
1350 727 1468 782 diximus

307 816 406 870 Deinde
418 815 525 870 dirersis
537 815 698 885 temporibus
711 815 777 868 ebee
789 814 855 868 duee
867 815 901 868 eb
911 813 1018 867 Ureecio
1030 821 1056 868 et
1061 815 1168 868 Veiente
1184 815 1295 885 elileqns
1304 814 1409 867 Arienie
1420 813 1469 882 epi·

307 902 394 971 scopis
407 902 509 954 conscio
519 901 674 971 imperatore
682 899 844 970 prodierunt.
871 900 926 953 lico
934 915 968 954 ne
977 906 1074 956 temere
1085 907 1177 954 contre
1184 915 1349 954 communem
1361 905 1402 952 tot
1411 898 1469 952 ecri-

307 992 412 1057 ptorum
424 987 621 1039 consensionem
633 986 752 1038 sttnlisee
763 985 858 1051 rideer,
874 1001 1019 1056 proponere
1036 986 1147 1040 breviter
1163 985 1258 1056 qulbus
1272 984 1300 1038 id
1311 983 1469 1055 mgummtis

307 1071 388 1125 ιιιιιι
401 1071 532 1125 affirmare
543 1087 597 1125 non
609 1071 732 1124 dubitem.
1546 1129 1547 1146 χ

220 1213 222 1218 ,
375 1157 474 1210 Horum
484 1157 573 1226 iteque
585 1156 698 1226 primum
710 1161 750 1210 est
761 1155 831 1226 quod
841 1155 913 1210 istud
928 1157 1016 1228 ipenm
1031 1155 1146 1210 Besiline
1156 1156 1310 1226 Ancyreum
1331 1171 1364 1209 eo
1378 1154 1469 1208 seeteri

308 1241 528 1295 Somierienorum
540 1242 682 1312 principes,
700 1244 745 1311 qui
756 1243 909 1310 Ancyreum
923 1242 1024 1311 synodo
1042 1241 1263 1312 subscripserunt,
1280 1241 1376 1294 ιιιιιιιι
1386 1239 1469 1294 testeti
1546 1271 1547 1304 r

308 1326 689 1397 suntinEpistoleSynodice,
705 1343 784 1396 quem
801 1325 1119 1398 liplpbeniusdeecripsit.
1154 1323 1469 1396 Quemquideminbenc
1546 1325 1547 1354 i

308 1413 362 1466 iere
373 1414 528 1466 renuntiem
540 1414 627 1466 exorsi
638 1417 711 1466 eunte
729 1411 839 1482 Optesse
850 1412 877 1466 id
889 1429 947 1466 sese
958 1411 1076 1482 quidem,
1088 1418 1118 1466 ut
1126 1417 1189 1483 post
1199 1412 1392 1482 expositionem
1400 1411 1469 1463 illem

307 1498 381 1562 fidei,
399 1515 466 1568 qnee
477 1479 629 1551 Antiociriee
642 1499 670 1551 in
687 1497 818 1550 encaeniis
835 1497 906 1552 edite
922 1504 975 1564 est,
993 1497 1033 1550 sel
1046 1498 1107 1568 μετὰ
1117 1501 1195 1550 ταῦτα
1207 1496 1269 1549 neri
1281 1495 1416 1565 Σιριιιήν,
1433 1493 1469 1546 sel
1515 1521 1518 1528 ·

308 1582 351 1650 τὴν
363 1580 412 1636 inei
423 1578 489 1643 ediec
502 1581 641 1649 ἀνθήσασαι
654 1582 746 1652 πίστιν,
764 1582 805 1634 sel
822 1579 856 1634 ἔτι
871 1579 933 1652 μετὰ
944 1582 974 1634 τὰ
986 1580 1010 1634 is
1022 1582 1117 1654 iltpplrp
1129 1579 1168 1635 inl
1179 1581 1299 1652 Φωιιινῷ
1311 1581 1468 1652 γιγινημὲνιι
1546 1629 1547 1642 ,

303 1679 364 1738 poet
373 1667 550 1721 serdicensem
556 1671 622 1738 fidei
631 1671 825 1738 professionem,
842 1685 920 1738 coque
936 1687 1000 1738 quas
1009 1667 1101 1720 Sirmii
1117 1679 1208 1721 coena
1218 1667 1354 1720 Pictintere
1368 1669 1469 1720 decem

308 1765 375 1817 sent,
388 1755 497 1808 ecclesie
509 1754 712 1823 conquiesceret.
735 1753 803 1806 Tum
814 1753 914 1824 uliqnot
924 1753 1065 1806 interiectis
1080 1769 1112 1806 ee
1123 1769 1151 1806 se
1162 1753 1290 1824 perpolite
1300 1758 1380 1822 etque
1391 1751 1470 1822 expli·

308 1840 487 1892 ceresoluisse
496 1839 685 1904 demonstrent,
694 1838 982 1908 queeineuperioribus
992 1837 1100 1908 synodis
1108 1839 1251 1892 constitute
1259 1844 1340 1902 ιιιιι,
1349 1837 1469 1890 utentio-
1546 1847 1547 1856 ³

308 1923 391 1978 chene
401 1933 428 1977 ιι
439 1924 600 1988 Serdioensi,
611 1925 641 1989 ἣν
654 1922 780 1994 ἀνείληφεν
791 1921 806 1990 ἡ
819 1920 843 1974 ιν
855 1923 951 1992 Σιρμίῳ
963 1923 1078 1984 sisoius:
1093 1941 1178 1992 ιιαιι,
1190 1924 1324 1992 inquiunt,
1334 1921 1469 1976 Sordices·

307 2014 344 2062 sie
355 2011 459 2062 condlii
469 2012 541 2070 fidens
552 2009 699 2062 Sirmiensie
709 2011 818 2076 synodus
829 2009 948 2077 amplexo
960 2019 1009 2072 eet,
1020 2009 1063 2060 rel
1074 2012 1184 2078 repetiit.
1207 2007 1292 2071 Quere
1303 2007 1469 2062 sirmiensem
1546 2009 1547 2070 l

308 2094 438 2163 synodum
448 2095 586 2163 Ancyrene
596 2096 642 2148 ille
652 2094 768 2164 synodus
780 2094 943 2164 spprobeelt.
976 2093 1075 2146 Eedem
1086 2108 1146 2148 sero
1163 2109 1177 2148 e
1193 2094 1321 2146 contrario
1333 2093 1469 2146 iorrnnlem

308 2179 369 2232 tidei
386 2180 508 2243 altorem,
526 2196 606 2249 quern
622 2181 650 2232 in
662 2179 799 2234 Sirmiensi
811 2179 921 2234 concilio
937 2193 1028 2232 omnes
1044 2177 1142 2232 editum
1159 2179 1306 2249 opinentur,
1323 2195 1379 2234 eon
1395 2177 1468 2232 modo
1546 2181 1547 2190 ¹

308 2281 361 2317 non
378 2265 489 2334 recepit,
506 2265 552 2317 sed
569 2264 602 2318 ed
619 2281 678 2318 sem
695 2263 861 2318 evertendum
879 2281 910 2318 ec
926 2263 1118 2335 profligandum
1134 2270 1177 2318 est
1191 2265 1358 2336 potissimum
1374 2269 1470 2318 sorem

309 2347 384 2414 Quod
398 2349 425 2402 in
433 2349 500 2402 libro
510 2349 541 2402 de
550 2349 663 2418 Synodis
675 2350 752 2404 docet
761 2349 884 2414 Eilesion,
896 2349 941 2403 nbi
949 2349 1114 2419 Ancyrenern
1125 2349 1255 2420 synodum
1265 2351 1375 2420 eiusque
1385 2349 1469 2402 deere-

308 2439 376 2498 tum,
394 2434 541 2488 cuiusmodi
552 2433 593 2488 bic
605 2435 675 2506 epud
686 2433 860 2505 lipiphenium
872 2435 1034 2506 exprimitur,
1051 2436 1196 2490 eccuretius
1208 2435 1343 2506 explicem
1354 2450 1386 2488 ec
1397 2432 1470 2488 sebe·

308 2525 408 2574 menter
419 2520 621 2585 commendans,
633 2519 717 2574 eidem
729 2519 898 2574 sirmiensem
909 2521 982 2574 illem
992 2520 1054 2574 fidei
1065 2521 1256 2592 protensionem
1266 2519 1402 2590 prestixit,
1412 2535 1469 2572 ouen

308 2605 358 2659 boc
374 2605 463 2660 titulo:
487 2605 636 2675 Exemplum
653 2606 825 2675 blasphemius
843 2609 914 2676 opud
923 2605 1044 2660 Βιιιιιιιιι
1056 2624 1107 2676 per
1120 2605 1206 2658 Οιὶινι
1222 2605 1398 2660 etPotueee‘esse
1414 2623 1469 2658 ιιι·
1546 2605 1547 2628 ³

308 2695 438 2760 scriptos,
455 2695 482 2743 et
492 2690 615 2744 adversus
627 2689 694 2744 benc
705 2691 767 2744 fidei
778 2688 869 2744 istesso
882 2690 1026 2746 Οιιιιιιιιι
1035 2691 1317 2760 Ancyreeconrenises
1329 2690 1470 2745 eonfimet

308 2773 393 2838 Quare
404 2775 461 2828 fieri
473 2777 544 2829 nullo
556 2776 633 2830 modo
645 2782 732 2847 potest
742 2785 772 2830 ut
783 2775 860 2842 bueo,
875 2793 955 2847 quem
967 2776 1122 2830 Semierieui
1132 2781 1266 2846 tantopere
1276 2775 1470 2848 impugneruut,

309 2860 370 2914 fidei
377 2861 491 2914 formula
499 2862 527 2913 in
536 2878 566 2914 eo
576 2862 687 2915 concilio
696 2863 731 2915 eit
739 2861 816 2928 edite,
828 2863 871 2915 cni
882 2879 936 2915 non
946 2861 1119 2915 interfuerunt
1129 2860 1206 2914 modo
1217 2861 1281 2932 ipsi,
1291 2877 1383 2914 rernm
1394 2861 1470 2914 elilim
1546 2919 1547 2922 ,

309 2946 483 3016 praefuerunt,
496 2945 616 3016 quodque
625 2949 738 3018 recipere
747 2963 778 3001 eo
790 2954 891 3002 sertum
899 2952 997 3001 ιιιιιιι
1006 2945 1148 3000 tuerireile
1159 2961 1216 3000 esse
1226 2943 1389 3018 profitentur.
1405 2945 1470 3000 suti

308 3032 434 3101 ipsosmet
445 3031 514 3102 epod
523 3032 698 3086 Soromenum
705 3034 791 3088 libre.
801 3049 912 3104 cepxn.
926 3033 1003 3086 enixe
1015 3032 1048 3086 eb
1057 3033 1212 3103 imperetore
1220 3032 1397 3102 postulentes,
1409 3030 1469 3084 uec

309 3113 492 3185 inpetriendis
510 3116 631 3188 inpiati,
648 3117 689 3170 nul
706 3115 730 3170 ἐν
748 3118 855 3189 Σιρμιῳ,
872 3117 913 3170 eei
930 3115 954 3170 is
972 3121 1026 3178 rotie
1043 3113 1129 3178 ἄλλαις
1146 3117 1256 3178 συνόδοις
1273 3116 1414 3188 umquem:
1439 3114 1471 3168 ti
1546 3137 1547 3148 ν

309 3219 340 3254 co
357 3211 420 3254 rato
436 3212 578 3268 mannent,
595 3221 660 3272 pune
675 3207 703 3256 in
713 3202 866 3256 sardicensi
876 3221 909 3258 uc
920 3202 1065 3267 Sirmiensi,
1081 3205 1189 3273 obitque
1204 3205 1321 3258 conciliis
1336 3205 1469 3258 semime

303 3290 420 3356 Ῑιιιιιιι.

376 3371 512 3426 Ριιιιιιιι
523 3373 635 3426 Basilius
648 3373 800 3443 Anoynenns
818 3375 846 3427 in
864 3373 954 3428 eedem
969 3373 1101 3443 Synodion
1111 3373 1242 3442 Ancyreni
1259 3373 1376 3437 concilii,
1392 3374 1469 3442 longo

309 3461 369 3526 post
379 3457 549 3512 sirmiensem
566 3458 696 3528 synodum
712 3459 863 3525 intercedo,
880 3460 991 3514 ultorem
1006 3459 1080 3512 illem
1093 3458 1262 3512 Sirmieneent
1272 3457 1414 3514 nomnen
1427 3473 1470 3512 ex·

308 3543 392 3596 titisse
405 3542 572 3597 demonstret.
595 3543 697 3597 Etenim
709 3549 770 3614 post
781 3543 923 3598 Sirmienee
934 3545 1085 3609 concilium,
1097 3544 1179 3614 quod,
1196 3544 1235 3597 uti
1244 3543 1345 3598 dictum
1356 3549 1410 3608 ιιι,
1426 3543 1470 3596 ob·

310 3645 412 3682 eernere
424 3645 454 3681 ec
465 3630 533 3682 tueri
543 3630 610 3682 velle
622 3629 767 3699 significet,
785 3629 947 3698 ecquierissc
963 3646 993 3682 ιι
1009 3629 1112 3696 scribit,
1128 3631 1209 3684 donec
1226 3645 1355 3684 novorum
1365 3627 1470 3684 lreereti

313 3727 403 3768 corum
419 3713 614 3784 importunitate
631 3719 658 3766 et
670 3714 776 3784 Georgii
787 3715 928 3768 Laodiceni
944 3716 1024 3768 literis
1042 3720 1188 3770 commotus
1205 3713 1239 3766 sd
1254 3715 1471 3786 propugnendern

310 3799 389 3854 fidem
400 3815 429 3852 ee
442 3815 501 3852 oum
513 3800 567 3852 suis
579 3800 707 3870 episcopis
720 3801 809 3854 erexit
836 3801 944 3871 Oportet
953 3801 1035 3870 igitur
1045 3801 1113 3854 inter
1124 3799 1292 3854 sirmiensem
1304 3801 1433 3870 synodum
1442 3803 1471 3850 et

309 3885 477 3953 Ancyrenum
486 3885 625 3938 concilium
632 3885 809 3938 intercessisse
819 3883 926 3955 Georgii
934 3885 1178 3950 Leodiceniliteres,
1190 3899 1256 3955 ques
1266 3885 1468 3940 retentorem

308 3971 354 4024 lib.
364 3989 399 4024 rr.
411 3987 467 4040 cep.
476 3988 523 4024 xer.
558 3969 692 4040 Superiori
703 3975 790 4023 entem
802 3971 887 4040 sepite
898 3970 988 4024 scribit
998 3969 1160 4035 neronom,
1173 3970 1332 4040 simuletque
1344 3971 1373 4025 in
1382 3969 1469 4024 mni

310 4053 407 4109 cbenee
418 4055 487 4108 sedis
498 4055 691 4126 possessionem
702 4055 795 4124 pedem
805 4056 906 4124 posuit,
922 4061 1007 4109 totum
1023 4073 1051 4109 ee
1068 4055 1101 4108 sd
1112 4056 1181 4109 seut
1197 4056 1401 4126 promerendum
1413 4069 1469 4126 per·

309 4139 399 4194 iidiem
410 4157 470 4194 oum
481 4141 577 4194 Acecio
589 4139 751 4194 Gesserlensi
767 4145 794 4192 et
804 4139 900 4194 Urenlo
912 4141 975 4209 Tyri
991 4141 1113 4212 episcopo
1129 4141 1271 4194 contulisse
1286 4157 1397 4212 eumque
1408 4153 1468 4211 pree

311 4225 442 4278 tetulisse
453 4227 578 4297 speciem,
597 4225 666 4296 quod
678 4224 823 4278 Occidentis
839 4226 956 4296 episcopi
967 4226 1051 4280 eidem
1062 4225 1199 4296 mffiegeti
1209 4225 1334 4294 inissent,
1349 4227 1468 4282 nimirum

312 4308 401 4373 Oslus,
417 4311 462 4379 qni
478 4328 537 4366 cum
550 4311 656 4364 Ursecio
668 4315 695 4362 et
702 4309 810 4362 Veiente
825 4311 923 4364 inritus
939 4317 1119 4377 consenserat,
1133 4317 1165 4364 nt
1179 4310 1208 4363 rb
1221 4308 1354 4382 ipericius
1363 4308 1467 4380 stipes·

312 4393 393 4444 οισιιι
406 4403 606 4465 expungeretnr.
642 4395 712 4459 Ques
724 4411 783 4448 cum
795 4395 850 4448 Osii
860 4397 948 4450 literne
960 4397 1128 4467 accepissent,
1140 4396 1244 4450 Veienti
1257 4403 1283 4450 et
1294 4397 1397 4451 Urmoio
1406 4409 1467 4464 gn-

312 4478 363 4530 ties
376 4485 492 4546 egerunt,
505 4481 574 4548 quod
581 4481 687 4534 illorum
696 4495 775 4550 opere
780 4480 927 4534 Occidentis
934 4483 1049 4552 episcopi
1056 4487 1155 4536 rectem
1162 4481 1242 4536 tidem
1250 4477 1466 4549 essentemplexi.

312 4561 412 4626 Quibus
423 4562 501 4616 rebus
512 4565 640 4617 excitetur
652 4565 781 4634 Georgius
791 4565 953 4620 Laodicenos
965 4567 1187 4622 Semierienorum
1198 4571 1324 4637 petronus
1328 4605 1337 4633 ,
1348 4581 1402 4621 cnm
1411 4561 1465 4616 sub
