3126 5046
1174 307 1252 366 00111

86 461 206 540 Primum
217 462 287 516 enim
299 462 331 516 de
341 462 489 518 libidinosis
500 468 527 516 et
537 463 759 518 incontinentibus
769 467 878 532 rogatus
895 463 927 516 de
941 463 1034 534 lapsis,
1050 461 1099 518 hoc
1116 469 1156 520 eet
1170 463 1252 518 idolo·
1277 473 1354 526 naec.

86 547 161 602 latnie
173 548 329 602 nominatim
342 547 446 602 decreta
459 548 564 618 proiert
599 548 698 602 Deinde
715 565 774 602 cum
791 549 978 620 poenitentiam
996 549 1052 604 sine
1069 549 1251 604 communione

88 649 244 686 concessam
255 634 360 698 snserit,
376 650 429 687 non
447 639 502 687 tem
516 633 586 688 istud
602 634 635 686 nd
651 634 757 688 clinicos
773 649 853 704 quam
868 633 902 688 ad
913 649 1091 706 quoscumque
1102 641 1251 705 peccatores

87 719 189 772 attinet
213 719 292 789 Atqui
300 719 332 772 de
342 719 503 772 moribundis
513 719 641 774 duntaxat
648 719 827 788 interrogabat
835 718 990 790 Exuperius,
1002 727 1028 773 et
1039 719 1114 774 aliter
1125 715 1251 788 dubitare,

86 801 203 858 hominio
215 811 270 858 erat
281 821 373 875 parum
384 805 413 858 iu
424 804 549 858 ecclesiae
560 805 652 858 ritibus
664 803 764 857 eruditi.
789 803 963 868 Quamobrem
974 805 1113 860 consimile
1125 811 1165 860 est
1175 805 1251 860 inno·

87 890 203 942 centium
215 888 370 960 hypothesin
382 889 415 944 ed
426 887 534 955 theom,
552 889 600 944 hoc
613 895 653 944 eet
663 891 813 960 generalem
824 890 1027 961 disputationem
1039 893 1252 946 controversiam-

87 991 138 1044 que
149 991 287 1030 rerumne
298 981 325 1029 et
336 991 456 1030 causeam
468 975 599 1041 ettulisse,
611 991 657 1029 cur
668 975 808 1046 eliquendo
818 975 898 1030 tardis
910 977 961 1030 illis
972 977 1178 1046 poenitentibus,
1190 979 1252 1034 olim

86 1076 149 1114 roro
161 1061 242 1114 etiam
254 1061 414 1130 quibuslibet
423 1061 574 1129 graviorum
585 1062 722 1114 criminum
733 1063 785 1116 reis
797 1063 988 1116 communionis
1003 1079 1064 1132 spes
1080 1064 1197 1132 praecise
1211 1065 1252 1118 iu·

87 1146 144 1198 erit.
167 1145 311 1211 Nimirum,
322 1163 374 1216 quc
385 1163 529 1217 poenarum
540 1153 613 1200 metu
624 1148 652 1200 in
664 1147 750 1202 officio
762 1147 902 1202 Christiani
913 1147 1114 1213 continerentur,
1125 1150 1251 1222 principio

89 1232 275 1286 communione
291 1230 436 1302 prohibitos
454 1233 617 1304 capitalium,
638 1233 678 1286 uti
695 1232 762 1297 dini,
779 1235 906 1288 scelernm
924 1233 1053 1298 conscios,
1070 1251 1118 1287 nec
1135 1251 1253 1306 unquam

87 1317 143 1370 sire
154 1317 313 1382 incolumes,
325 1318 380 1370 siue
393 1317 573 1383 moribundos,
588 1318 712 1372 ecclesiae
723 1319 866 1374 restitutos.
902 1317 997 1372 Postea
1008 1335 1068 1372 uero
1080 1320 1197 1376 nondum
1207 1337 1252 1392 pe·

86 1402 158 1454 nitus
170 1403 315 1456 constitute
325 1419 389 1472 pace
401 1403 584 1473 poenitentium
597 1403 702 1473 quidem
713 1405 764 1456 illis
776 1420 807 1458 ac
823 1404 1033 1458 communionem
1049 1405 1189 1471 indultam,
1206 1408 1252 1476 qni

85 1493 190 1540 mature
201 1487 235 1540 ed
246 1503 304 1540 cem
315 1489 455 1558 petendam
469 1489 652 1552 accessissent,
670 1489 778 1542 caeteris
795 1489 992 1559 inperpetuum
1008 1489 1119 1544 reiectis.
1153 1494 1190 1545 Ac
1205 1509 1252 1563 po·

86 1577 183 1626 memo
197 1573 295 1642 pecatis
308 1573 431 1627 ecclesiae
442 1573 520 1628 rebus
529 1575 607 1627 etiam
616 1573 741 1627 tardiores
749 1573 808 1626 illos
817 1574 930 1627 instante
938 1575 992 1628 iam
1000 1580 1083 1628 morte
1092 1579 1252 1632 commuuio-

85 1674 147 1710 nem
159 1659 323 1728 inpetrasse.
358 1659 419 1712 'l'rie
430 1657 494 1714 haec
505 1660 653 1712 necessario
665 1658 850 1728 ffistinguenda
860 1665 923 1714 suut
933 1660 1058 1714 ecclesiae
1075 1665 1205 1731 tempora,
1223 1670 1252 1718 ut

86 1743 244 1798 dissidentes
255 1759 272 1796 a
284 1761 312 1798 ee
324 1744 435 1798 invicem
447 1744 662 1814 grauismmorum
673 1749 777 1813 patrum
789 1743 942 1798 autoritates
954 1745 1130 1800 concilientur.
1152 1747 1185 1800 st
1196 1749 1252 1818 qui·

86 1828 143 1884 dem
155 1829 245 1900 prima
256 1829 302 1882 ille
313 1831 529 1900 severissimeque
542 1829 679 1900 discipline
689 1830 738 1882 sub
750 1829 928 1898 apostolorum
939 1834 1058 1900 tempora
1072 1837 1097 1884 et
1108 1832 1141 1886 ed
1152 1832 1252 1888 Tertul-

85 1914 149 1968 lieni
164 1915 221 1970 fere
237 1917 370 1970 saeculnm
387 1916 511 1980 obtinuit,
532 1930 599 1985 quae
615 1929 632 1968 a
648 1914 794 1986 zephyrino
806 1913 943 1984 pontifice,
965 1915 1033 1985 quod
1053 1917 1086 1970 ad
1106 1918 1252 1974 moechiam

87 2006 204 2070 spectat,
214 2001 350 2071 paululum
362 2001 481 2055 relaxata
489 2001 612 2072 Cypriani
620 2001 780 2072 temporibus
790 2001 902 2054 maiores
914 1999 947 2054 ed
956 2001 1088 2056 lenitatem
1097 2019 1251 2074 progressus

85 2083 187 2140 habuit.
220 2085 282 2140 Fuit
298 2087 368 2140 enhn
380 2087 523 2140 secundum
535 2087 599 2140 illud
610 2087 725 2140 maxime
736 2093 839 2157 tempus
852 2103 904 2156 quc
916 2087 1017 2140 nullum
1027 2089 1128 2158 peccati
1139 2105 1223 2159 genus
1235 2107 1252 2146 e

85 2169 172 2224 fructu
183 2173 376 2226 communionis
388 2179 527 2244 exceptum
539 2179 591 2237 est,
602 2172 649 2226 sed
660 2173 697 2224 ite
707 2177 809 2236 tamon,
826 2174 849 2226 si
864 2173 1007 2243 temporius
1023 2189 1052 2227 se
1068 2173 1101 2227 ad
1117 2176 1252 2245 poeniten·

85 2256 150 2310 tiam
162 2256 330 2326 applicarent
365 2258 431 2312 Nam
443 2265 500 2312 tum
512 2275 569 2322 eoo,
582 2257 665 2328 quiin
678 2257 777 2310 obitum
788 2273 872 2328 usque
883 2259 1041 2328 proterrent,
1057 2261 1162 2330 penitus
1173 2261 1252 2316 inter·

85 2341 175 2396 clusos
186 2341 269 2395 fnisse
281 2357 383 2397 censeo.
401 2343 517 2398 'landem
528 2359 587 2396 vero
599 2359 632 2396 ne
644 2343 700 2396 istie
711 2342 815 2412 quidem
827 2345 918 2414 negari
927 2345 1137 2400 communionem
1146 2347 1252 2417 placuit,

85 2443 146 2481 oum
156 2429 305 2482 instaurata
316 2429 440 2484 ccclesiae
452 2430 570 2482 libertate
582 2427 723 2499 plurimum
735 2428 766 2482 de
779 2429 944 2498 antiquorum
954 2431 1052 2485 rituum
1069 2433 1205 2486 severiteto
1221 2449 1252 2487 ec

84 2513 183 2566 duride
194 2512 356 2568 decessisset.
382 2515 431 2568 Per
442 2514 507 2568 haec
518 2515 678 2568 incrementa
688 2515 826 2584 paulatim,
843 2521 970 2584 qusntnm
981 2517 1099 2582 arbitror,
1116 2517 1252 2588 discipline

84 2598 222 2668 processit.
256 2597 346 2668 Neque
361 2605 450 2654 temon
467 2600 552 2654 ubiuis
563 2607 691 2654 terrarum
708 2605 735 2652 ot
750 2601 778 2653 in
795 2601 915 2654 omnibus
932 2602 1049 2654 ecelesiis
1061 2603 1176 2656 moribus
1187 2602 1252 2656 mec

84 2685 199 2738 subinde
211 2691 314 2755 recepta
326 2685 452 2748 ridentur,
468 2691 565 2738 etcum
578 2686 645 2738 aliae
662 2685 720 2738 eliis
736 2686 812 2738 citius
829 2685 1013 2751 mammaeam,
1029 2687 1123 2739 ueteris
1139 2687 1252 2742 instituti

85 2785 116 2822 ac
127 2770 278 2824 semritatis
290 2770 416 2840 reliquiae
426 2787 507 2840 penos
522 2771 624 2840 aliquas
640 2769 684 2824 diu
701 2770 840 2824 admodum
855 2770 1014 2824 resederunt
1048 2770 1170 2826 Nondum
1181 2773 1251 2826 enim

84 2856 205 2924 generali
215 2855 304 2926 alique
315 2855 461 2920 mnctione,
478 2871 530 2926 que
542 2873 632 2908 omnes
643 2857 767 2909 ecclesiae
778 2861 935 2922 tenerentur,
947 2871 978 2910 ee
989 2871 1030 2909 res
1043 2858 1185 2912 comtitute
1195 2857 1251 2912 lue·

84 2948 137 3006 rat,
157 2947 205 2994 aut
220 2941 294 2994 illam
311 2947 379 2996 certe
396 2941 495 2994 tardius
512 2941 627 3010 regionis
645 2941 754 2994 alicuius
774 2941 935 2996 cousuetudo
955 2947 1034 3013 atque
1054 2959 1118 2996 usus
1138 2943 1250 2998 admisit

85 3025 172 3090 Quam
182 3027 212 3079 in
223 3041 279 3080 rem
290 3027 355 3080 iacit
366 3027 488 3096 Cypriani
500 3027 597 3080 dictum
608 3025 672 3080 illud
684 3026 765 3098 Epist
777 3027 811 3080 ad
821 3028 917 3084 Antea.
940 3028 976 3082 Et
987 3029 1085 3099 quidem
1098 3031 1169 3099 opud
1180 3039 1250 3084 onte-

85 3129 200 3164 ceaeorca
211 3121 309 3166 nostroe
320 3115 422 3181 quidum
435 3114 466 3164 de
478 3117 603 3182 cps'acops's
613 3117 709 3166 leticia
716 3117 857 3183 prouincia
868 3123 955 3166 sumna
965 3116 1078 3168 dandum
1083 3133 1177 3184 pacem
1186 3134 1250 3170 moe·

85 3196 142 3248 chia
159 3215 210 3250 noa
222 3207 390 3268 putauerunt,
408 3207 433 3250 et
448 3201 475 3250 e'u
493 3205 567 3250 lutum
578 3203 751 3268 poeniteutiae
762 3189 841 3252 locum
854 3208 943 3254 contro
956 3201 1085 3252 adulteria
1098 3203 1250 3266 clauserunt,

83 3301 133 3335 uon
144 3292 232 3336 taurea
241 3283 274 3334 ub
283 3287 457 3353 cpiscoporum
465 3301 564 3336 cuorum
578 3285 683 3352 callepio
691 3295 854 3338 recesserunt.
871 3285 941 3338 Enoc
952 3285 996 3338 illo
1007 3283 1180 3340 hovedenum
1193 3303 1250 3358 per·

83 3369 233 3438 stringens,
245 3368 315 3438 quod
327 3368 360 3422 ad
371 3369 580 3440 intempestivum
591 3370 619 3422 in
631 3369 720 3440 lapsos
731 3370 919 3434 crudelitatem,
932 3371 1001 3440 quod
1012 3371 1120 3425 minime
1131 3389 1250 3427 neomen-

82 3457 153 3509 rinm
167 3459 236 3518 erat,
248 3453 385 3508 dissidium
394 3454 569 3520 adiunxisset,
581 3471 640 3509 num
652 3455 750 3526 alioqui
762 3455 793 3508 de
804 3455 884 3526 lapsis
896 3456 966 3526 qnod
974 3457 1051 3510 vehet
1059 3458 1180 3527 priuatim
1191 3475 1250 3512 een·

82 3542 131 3594 tire
149 3540 278 3611 potuerit,
295 3557 344 3594 nec
362 3540 396 3592 ah
413 3541 537 3594 ecclesiae
555 3541 678 3595 societate
696 3541 790 3594 diuelli.
825 3540 897 3604 Quod
916 3541 947 3594 de
965 3543 1124 3596 Tertulliano
1144 3543 1250 3614 perinde

82 3625 269 3696 usurpendnm
280 3631 348 3690 eret,
362 3625 385 3678 el
396 3631 451 3678 mm
463 3626 511 3679 iste
523 3642 602 3696 quam
613 3625 773 3680 Nouatieuus
784 3625 910 3680 hactenus
921 3627 1101 3697 procederent,
1117 3635 1146 3682 ut
1161 3630 1250 3700 lapsos

81 3711 249 3766 reconciliari
259 3727 312 3764 non
331 3716 448 3781 oportere
465 3711 590 3775 dicerent,
607 3727 660 3766 nou
676 3719 762 3766 autem
774 3712 866 3766 uenies
877 3711 1028 3768 tribuendae
1039 3715 1081 3768 ius
1094 3715 1128 3768 ab
1140 3715 1251 3770 ecclesia

80 3813 193 3869 prorsus
205 3797 411 3860 eoindcessonu
424 3813 503 3866 quam
515 3798 549 3852 ob
558 3813 679 3852 causeam
687 3797 779 3852 merito
789 3804 912 3867 tanquam
922 3795 1044 3851 haeretici
1053 3799 1169 3852 damnati
1180 3807 1250 3860 sunt,

80 3885 138 3938 lem
147 3897 212 3935 vero
224 3899 259 3936 ex
270 3883 374 3936 illorum
385 3897 507 3948 numero,
519 3883 589 3953 quud
597 3883 708 3954 spissius
720 3897 750 3936 ec
762 3883 860 3936 tardius
871 3883 899 3934 in
911 3899 968 3936 eam
979 3883 1114 3938 lenitatem
1125 3883 1250 3938 inlructos

80 3985 140 4022 csse
153 3967 286 4031 diximus,
297 3967 483 4036 Hispanienses
495 3969 619 4022 ecclesiae
631 3975 708 4036 atque
720 3967 848 4020 antistites
859 3968 990 4020 recenseri
1001 3967 1107 4034 debent,
1119 3985 1186 4039 qnos
1196 3986 1250 4022 non
1276 3997 1297 4036 p.
1306 3983 1351 4027 aaa.

79 4053 174 4123 magis
186 4065 266 4121 quam
278 4057 394 4105 cmtcros
405 4069 509 4116 omnes,
525 4053 642 4122 adeoque
658 4052 794 4106 ecclesiam
810 4053 883 4106 initio
898 4059 980 4106 totam
991 4060 1079 4106 tuetur
1089 4061 1249 4124 excusatque

79 4137 215 4210 pontifex.
233 4137 298 4190 Volo
309 4137 377 4190 enim
388 4137 531 4190 iunocentii
539 4137 618 4192 uerba
626 4135 739 4207 prudeus
747 4137 827 4190 lector
836 4137 1034 4204 animadvertat,
1044 4140 1249 4206 clamationem,

79 4232 134 4279 eice
147 4225 351 4276 cousuetudinem
359 4227 472 4292 priorem
485 4228 604 4288 tenuisse,
621 4223 690 4293 quod
706 4223 737 4276 de
754 4221 921 4293 provincialis
937 4225 1030 4294 synodi
1046 4241 1146 4278 murone
1161 4241 1191 4280 ac
1206 4226 1249 4280 de·

79 4317 154 4366 creto
167 4323 337 4380 nequaqnam
349 4307 455 4374 diceret,
473 4309 519 4362 sed
535 4309 566 4362 de
583 4325 613 4361 eo
626 4308 715 4377 utiquo
727 4309 777 4360 ritu
790 4309 835 4378 qui
846 4309 926 4362 totius
938 4311 1063 4364 eeclesiae
1075 4311 1122 4374 eit,
1138 4318 1184 4364 ant
1194 4329 1249 4366 ma-

78 4398 144 4452 ioris
158 4394 255 4448 saltem
266 4394 348 4464 partis
359 4395 545 4448 consuetudine
558 4401 685 4465 receptus.
717 4391 844 4456 Quocirca
855 4396 987 4464 praeclare
998 4395 1036 4460 id,
1050 4396 1118 4466 qnod
1130 4397 1249 4468 superius

78 4483 204 4554 positum
215 4486 268 4545 eet,
280 4478 329 4532 hnc
341 4479 485 4533 innocentii
496 4479 673 4532 testimonium
686 4477 835 4543 confirmat,
847 4487 971 4549 negatam
979 4481 1101 4534 maximis
1110 4483 1250 4536 sceleribus

78 4569 145 4624 olim
158 4565 375 4620 communionem
386 4564 481 4628 inicam
500 4579 553 4634 qun
567 4570 659 4634 postea
669 4565 796 4635 permissa
807 4565 856 4618 soli
867 4565 905 4618 illi
917 4565 1020 4636 excepti
1030 4566 1150 4622 ridentur
1161 4567 1207 4638 qui
1217 4567 1250 4620 sd
