3126 5046
1172 407 1263 467 OXOV

105 561 186 614 ιιίιιιιι
197 561 306 616 verbum
316 563 426 616 nohum.
445 561 567 633 Alioquin
579 561 682 616 sublata
694 563 779 616 omnis
790 568 860 618 esset
869 563 914 616 ills
926 561 956 616 de
968 561 1039 617 Elias
1055 565 1188 634 quaestio,
1200 566 1223 618 si
1235 565 1266 620 de

106 663 157 716 qus
167 646 237 701 trihu
248 654 326 701 natus
337 654 408 701 esset
418 647 460 701 rel
471 648 601 702 levissime
613 647 780 718 signiticaret.

170 731 321 804 Σαμαρεῖται
331 731 374 803 μὶν
383 731 430 803 γὰρ
440 735 548 802 τοῦτον.]
565 733 606 787 lta
613 734 725 787 sensisse
735 733 842 788 ludaeos
852 733 965 788 declarat
974 735 1077 791 Hieron.
1088 735 1267 806 adEragrium

104 815 185 888 Epist
198 833 287 874 cxxvr.
305 825 331 872 et
346 835 379 872 ex
391 818 520 872 hildrasoh
532 819 625 890 hgsda
641 819 716 874 docet
732 819 762 874 R.
775 819 898 874 Selomoh
915 822 942 874 in
959 838 1012 875 ιιι.
1026 821 1091 876 Gen.
1109 839 1156 876 neo
1172 839 1225 877 uon
1240 827 1268 875 et

104 903 178 958 Abeu
198 903 289 958 Horra
324 903 377 958 Nee
394 904 502 958 dubium
519 911 571 970 est,
593 906 656 976 quin
672 922 705 958 ex
722 905 898 960 Hebraeorum
915 915 941 960 et
955 905 1107 961 Latinorum
1122 908 1266 961 rationibus

104 995 250 1059 congruant
266 995 391 1060 tempora.
427 989 494 1044 Nam
506 989 653 1044 Abrahamo
669 989 814 1061 supervixit
830 990 891 1044 Sem
904 1007 987 1046 annos
999 1009 1078 1047 xxxv.
1113 994 1149 1046 st
1164 1009 1197 1045 ex
1215 1009 1268 1048 ιιι

103 1074 236 1128 seniorum
248 1075 360 1130 editione
371 1091 536 1146 nequaquam
549 1077 718 1141 conveniunt,
735 1081 764 1129 ut
778 1083 847 1129 recte
864 1077 963 1147 colligit
980 1077 1148 1148 Epiphanius.
1171 1078 1268 1132 Verum
1378 1129 1381 1135 .

104 1158 135 1212 de
146 1157 197 1214 heo
207 1159 362 1215 Iudaeorum
374 1169 420 1214 aut
430 1161 654 1216 Samaritanorum
666 1163 801 1232 opinione,
817 1178 847 1216 ao
864 1165 972 1216 caeteris
983 1163 1014 1216 de
1026 1162 1213 1218 Melchisedeco
1225 1181 1268 1216 re·

104 1249 189 1299 terum
200 1247 344 1310 erroribus,
355 1247 473 1317 pluribus
485 1248 540 1318 agit
550 1248 655 1301 Hieron.
668 1248 726 1302 loco
739 1248 831 1313 citato,
848 1247 1026 1319 copiosissime
1037 1265 1097 1303 raro
1113 1250 1267 1304 recentiores

104 1345 238 1384 noramm
254 1331 388 1386 literarum
404 1333 556 1404 interpretes
574 1340 600 1386 et
615 1331 780 1404 chronologi;
800 1340 830 1386 nt
849 1350 879 1387 eo
900 1334 987 1388 minus
1007 1334 1035 1388 in
1051 1332 1100 1387 hee
1116 1336 1268 1404 quaestione

104 1418 259 1472 commorari
270 1433 376 1472 necesse
388 1418 429 1472 sit.

172 1499 235 1554 'Ore
246 1501 294 1574 γὰρ
305 1501 416 1574 Ἀβραὰμ
429 1501 556 1574 trappa]
577 1503 670 1556 Falsus
687 1509 728 1557 est
742 1504 842 1574 aliquot
858 1505 932 1558 annis
944 1521 1067 1560 numerus
1079 1506 1136 1559 iste.
1160 1504 1227 1560 Nam
1238 1511 1269 1560 ut

104 1605 136 1641 ex
151 1587 245 1644 Genes.
256 1606 309 1642 ιιι.
321 1605 377 1660 cap
390 1595 504 1654 constat,
520 1605 608 1642 axrxr
620 1588 749 1642 duntaxat
765 1605 893 1642 annorum
905 1597 959 1642 erat
970 1591 1115 1644 Abraamus
1127 1607 1186 1644 cum
1197 1593 1268 1662 Agar

103 1675 226 1727 anaidem
238 1673 325 1740 duxit,
338 1673 407 1744 quod
418 1675 547 1745 posterius
560 1679 600 1727 est
611 1673 776 1744 expeditione
787 1675 833 1726 illa
844 1681 935 1728 contra
946 1691 1022 1746 reges
1033 1693 1069 1731 ιι.

171 1758 218 1811 liel
230 1757 341 1828 ἐξέβαλεν
354 1759 423 1829 αὐτῷ
435 1756 529 1831 ἄρτοι]
562 1759 691 1829 Egregius
707 1757 750 1812 hic
764 1760 838 1812 locus
854 1759 886 1812 ad
900 1760 1022 1814 tuendam
1034 1763 1067 1815 ab
1079 1760 1268 1816 haeretieorum

103 1845 243 1898 calumniis
259 1860 424 1898 communem
440 1843 489 1897 PP.
506 1845 622 1898 omnium
638 1843 802 1898 autoritatem
818 1861 849 1897 ac
866 1847 1034 1912 seutentiam,
1052 1847 1096 1916 qui
1108 1847 1204 1900 exiliis
1218 1846 1267 1900 Ge·

102 1945 197 1984 naseos
209 1929 295 1984 verbis
307 1929 433 1984 deducere
444 1931 542 1994 solent,
554 1928 769 1983 Melchisedceum
779 1929 811 1982 ad
821 1946 897 1983 usum
906 1931 1026 1986 sacrificii
1034 1947 1129 2002 panem
1141 1938 1167 1984 et
1178 1933 1268 1986 unum

102 2015 256 2085 protulisse,
274 2021 301 2069 et
315 2031 345 2069 eo
357 2017 414 2086 ipso
427 2015 567 2068 ecaoriiicio
579 2016 742 2068 incruentum
755 2013 850 2068 Christi
860 2016 975 2086 corporis
987 2031 1018 2069 ao
1029 2017 1166 2088 sauguinis
1177 2017 1267 2071 adum

103 2102 195 2154 brasse
206 2100 370 2155 sacrificium.
406 2099 479 2164 Quod
491 2107 516 2153 et
527 2101 631 2154 Hieron.
643 2099 717 2153 docet
728 2099 845 2171 Epistola
861 2100 894 2153 ad
904 2100 999 2171 Eragr.
1011 2107 1038 2154 et
1048 2110 1159 2166 veteres,
1175 2103 1213 2155 nti
1230 2102 1267 2156 di·

102 2193 176 2240 ctum
188 2194 242 2252 est,
253 2187 441 2258 propemodum
453 2203 557 2251 omnes;
569 2201 680 2256 quorum
691 2187 840 2240 testimonia
851 2202 867 2238 a
878 2185 1011 2240 catholicis
1023 2188 1192 2258 scriptoribus
1203 2190 1267 2242 iam·

102 2271 203 2326 dudum
219 2273 335 2326 studiose
352 2273 461 2326 collecta
475 2278 544 2326 sunt.
587 2271 639 2325 Sed
657 2272 769 2325 eximius
785 2278 863 2343 atque
878 2273 1005 2343 imprimis
1021 2272 1133 2327 disertus
1150 2280 1202 2339 est,
1224 2275 1268 2345 qui

101 2356 169 2410 mihi
179 2357 248 2411 iorte
259 2373 333 2411 nuno
342 2359 453 2412 occurrit
464 2357 605 2412 Clementis
616 2357 743 2412 Alexand.
754 2359 827 2412 locus
838 2359 882 2412 lib.
893 2376 928 2414 rr.
940 2358 1036 2413 Strom.
1059 2358 1211 2430 Μελχισεδὲκ
1224 2360 1268 2428 βα-

102 2441 186 2502 σιλεὺς
197 2442 299 2514 Σαλὴμ,
312 2440 325 2495 d
338 2441 411 2514 ἱερεὺς
423 2447 467 2496 τοῦ
480 2443 535 2496 θεοῦ
547 2447 591 2496 τοῦ
603 2442 718 2513 ὑψίστου,
731 2439 744 2495 ὁ
757 2442 799 2494 rba
811 2437 876 2495 oleos
885 2443 925 2494 sul
934 2444 976 2496 rba
986 2440 1059 2514 ἄρτον
1068 2442 1111 2511 τὴν
1119 2444 1268 2516 ἡγιασμέιην

103 2527 187 2588 διδοὺς
198 2526 291 2599 τροφὴν
302 2526 334 2590 εἰς
346 2529 422 2581 τύποι
435 2528 596 2600 ιύχαριστίας.
618 2527 684 2582 Vide
694 2529 805 2598 August.
816 2527 898 2599 Epist.
911 2543 971 2582 xcv.

173 2611 205 2666 ‘0
217 2613 244 2666 dl
255 2618 299 2666 τοῦ
311 2613 424 2686 Ἀβραὰμ
436 2615 535 2685 antip]
559 2613 634 2678 Quod
645 2614 804 2668 Abrasmum
816 2629 885 2666 anno
896 2615 989 2668 aetatis
1001 2629 1065 2668 suae
1076 2633 1137 2669 ιιι.
1149 2619 1269 2687 genuerit

101 2698 189 2753 ‘l'hne
201 2698 296 2752 diserte
308 2700 435 2772 scripture
446 2701 532 2765 docet,
550 2713 580 2752 ac
598 2699 838 2769 tergiversationem
855 2715 959 2752 omnem
971 2700 1092 2753 excludit.
1125 2699 1180 2753 Neo
1194 2702 1268 2754 aliter

102 2785 276 2838 vetustissimi
288 2786 384 2856 quique
395 2791 481 2856 patres
494 2801 553 2838 eum
564 2784 653 2838 locum
663 2784 823 2854 interpretati
833 2789 905 2848 sunt,
921 2789 951 2836 ut
961 2784 1004 2836 rel
1014 2785 1156 2838 contrariae
1169 2786 1267 2854 opinio·

103 2871 147 2924 nis
163 2871 268 2942 patroni
284 2871 361 2925 lateri
377 2876 512 2942 coguntur,
530 2871 575 2940 qui
590 2875 681 2923 conus
690 2869 773 2922 Musis
785 2867 963 2933 autoritatem,
980 2883 1033 2922 non
1045 2885 1115 2934 ιιι,
1128 2869 1174 2922 sed
1186 2886 1266 2926 cxxx.

102 2955 190 3010 'share
207 2972 275 3010 anno
294 2962 386 3011 natum
402 2954 576 3028 patriarcham
592 2955 711 3008 ridentur
727 2967 850 3006 asserere.
881 2953 1047 3008 Viderintilli
1059 2969 1138 3024 quam
1148 2961 1218 3008 recte
1229 2962 1269 3010 tut

103 3041 283 3108 saeculorum,
295 3041 410 3113 adeoque
422 3041 470 3097 PP.
484 3041 601 3094 omnium
612 3055 768 3093 consensum
779 3037 921 3108 repudient.
955 3037 1009 3092 Nos
1025 3055 1091 3110 quse
1108 3040 1142 3093 ab
1156 3041 1208 3094 illis
1223 3059 1267 3113 op·

101 3133 238 3198 ponuntur
248 3127 315 3180 tanti
326 3143 383 3180 esse
395 3145 449 3181 uon
460 3126 600 3190 credimus,
612 3131 642 3178 ut
652 3130 788 3204 propterea
799 3125 884 3178 lucere
895 3124 1001 3178 meridie
1013 3125 1163 3196 negandum
1175 3127 1217 3182 sit.

172 3213 230 3267 lam
239 3227 300 3266 sero
312 3210 359 3266 hac
371 3213 399 3265 in
411 3211 607 3283 generationum
618 3211 788 3282 descriptione
801 3227 854 3264 non
865 3211 898 3264 ab
910 3211 1042 3264 Hebraicis
1053 3211 1132 3265 modo
1143 3211 1267 3279 lontibus,
1293 3252 1315 3293 Ρ,
1323 3239 1368 3285 m

102 3299 150 3352 sed
162 3299 243 3352 etlam
255 3314 271 3351 a
282 3315 335 3352 ιιι
347 3299 479 3352 seniorum
490 3298 618 3362 numeris,
630 3297 774 3351 cuiusmodi
784 3295 860 3350 hodie
872 3303 975 3362 extent,
988 3297 1090 3350 aberrat
1098 3296 1267 3368 Epiphanius.

102 3385 179 3438 Dabo
196 3382 239 3438 hie
250 3384 427 3438 Hebraeorum
444 3399 475 3438 ao
487 3383 645 3438 Graecorum
660 3381 772 3448 seriem‚·
782 3387 812 3436 ut
827 3397 893 3452 quae
911 3383 1072 3437 obseruanda
1088 3389 1150 3437 sunt
1163 3383 1266 3440 facilius

102 3469 217 3541 quisque
227 3469 361 3542 percipiat.

112 3633 294 3688 Hebraeorum
309 3632 448 3687 etLatino·
518 3631 558 3685 Ex
571 3631 803 3702 editionernlgata
887 3613 1017 3695 Viximt
1031 3619 1092 3685 P0⁵l
1200 3635 1205 3647 ·

888 3687 1090 3750 generahonem.
1151 3718 1157 3731 .

203 3734 262 3772 mm
276 3719 363 3773 801198·
558 3735 611 3772 m
623 3718 762 3772 smmum·
860 3757 895 3799 Ex
911 3759 978 3800 Hebr.
990 3765 1012 3800 et
1027 3759 1115 3802 Latinis.

101 3865 378 3938 Sempostdilurinm

137 3935 313 4006 genuitanno
428 3931 444 3986 2
504 3931 566 3986 Sem
578 3948 646 3986 anno
806 3929 822 3984 2

99 4001 248 4127 Apphaxad
411 3999 444 4055 35
503 3999 643 4084 Arphsxad
775 3998 822 4052 135
965 3999 1015 4053 303

99 4073 120 4128 S
150 4087 169 4124 a
411 4068 445 4123 30
505 4069 602 4122 Omnen
775 4066 824 4119 130

98 4141 206 4281 lm..
411 4137 445 4259 ‘li
504 4137 572 4259 lli.
774 4133 823 4256 til

99 4279 162 4332 ileu
411 4273 445 4328 32
503 4273 602 4343 Phalog
774 4269 823 4324 130

98 4343 208 4402 Serneh
411 4341 446 4396 30
503 4342 560 4394 Rau
774 4337 822 4392 132

99 4413 211 4540 iiii?
411 4410 446 4532 ⁷²3
503 4407 606 4532 llll
774 4405 823 4529 113

100 4549 241 4608 Abraham
503 4547 587 4600 There
789 4543 822 4596 70

101 4691 247 4738 mitigantur
256 4687 282 4728 ad
293 4686 394 4727 Abruml
489 4681 761 4734 colliguntursdhbraaml

129 4762 208 4798 erasm
221 4755 271 4796 enm
398 4735 447 4790 292
473 4667 478 4805 0
514 4757 586 4795 orsam
599 4751 649 4794 sent
760 4730 825 4785 1172
1027 4783 1068 4841 N·
