3138 5044
1201 342 1269 400 cv11

105 513 206 552 erenum
217 514 269 570 quo
280 499 416 569 Angustos
428 498 496 554 obiit
504 498 642 554 conuenire
652 502 752 570 potest,
768 498 814 552 sed
825 497 859 552 sd
869 497 967 552 'liberii
979 515 1030 564 un,
1048 502 1079 552 ιιι
1087 496 1201 553 Lucidue
1213 499 1269 554 ulii·

105 601 157 654 qne
174 583 367 649 ιιοιιιοιιιιιιιιις
387 585 433 655 qui
448 584 499 638 hoc
514 590 648 654 prseteres
668 583 837 648 confirment,
857 599 943 654 usque
963 601 995 638 eo
1016 600 1068 654 quc
1088 588 1206 638 mortuus
1229 589 1270 639 est

104 671 241 742 Augustus
252 685 335 736 enno,
350 685 436 740 neque
451 671 571 741 sequenti
582 671 662 724 ollem
673 671 736 724 solis
747 669 858 740 eclipsin
870 669 1003 724 occidisse.
1028 667 1185 724 Crediderim
1196 671 1269 740 equi·

104 756 165 809 dem
176 756 287 810 Dionem
304 757 367 810 eolis
384 757 514 810 deiectum
528 773 575 827 pro
587 756 673 810 luneri
683 773 730 826 per
741 755 943 826 imprudentium
955 754 1086 810 huboisse.
1109 753 1176 809 Nem
1187 756 1266 826 poulo

103 847 166 912 post
175 841 289 912 Augusti
300 849 412 896 mortem
421 843 486 896 lons
497 841 603 907 deiecit,
614 841 686 912 Sept
699 859 794 907 xxvm,
807 841 880 895 cuiue
892 857 972 913 supro
983 841 1158 895 meminimus.
1185 840 1270 905 Quum

103 943 167 981 vero
178 928 246 982 isles
255 929 290 982 sit
300 928 535 999 hliddelburgensis
551 928 597 982 ille
611 928 677 982 rstio
695 933 768 998 petet
778 943 812 982 ex
824 943 854 980 eo
867 927 936 997 quod
948 943 1028 998 supro
1039 928 1210 982 constitutum
1221 933 1269 992 eet,
1357 989 1360 996 ‚

103 1013 254 1083 Augustum
265 1029 334 1068 enno
345 1015 461 1084 wlgeris
474 1029 550 1068 ceres
561 1031 628 1080 ιιι,
639 1031 693 1067 non
704 1032 760 1080 ru,
777 1020 910 1068 mortuum
921 1028 988 1066 esse.
1011 1011 1046 1066 ht
1057 1013 1161 1084 eclipsis
1171 1013 1217 1068 ills
1228 1031 1269 1068 sc·

103 1099 137 1153 lie
155 1099 232 1153 tertie
249 1105 310 1171 poet
326 1099 382 1154 eins
400 1101 499 1156 obitum
517 1115 586 1154 enno
604 1100 722 1170 contigit.
755 1099 870 1169 Augusti
881 1115 942 1154 rere
956 1103 1069 1152 mortem
1084 1098 1112 1152 in
1128 1099 1270 1154 triennium
1342 1129 1348 1146 ι

102 1187 263 1240 summoveri
273 1202 322 1240 nee
333 1185 441 1240 Herodis
456 1203 597 1252 annorum,
614 1201 662 1239 nec
678 1183 761 1256 ipsius
772 1185 897 1256 Augusti,
913 1189 1035 1240 socorsts
1050 1186 1270 1256 competitiones

102 1270 286 1325 historicorum
298 1272 436 1326 consensio
447 1272 580 1343 permittit.
604 1271 642 1325 hc
653 1271 676 1324 si
685 1287 775 1326 rerum
787 1277 865 1335 essct,
876 1270 946 1341 quod
957 1269 1053 1324 Paulus
1065 1271 1206 1337 contendit,
1217 1289 1270 1326 uon

103 1357 224 1422 biennio,
236 1357 282 1410 sed
294 1357 418 1422 triennio,
430 1357 572 1427 Dionysius
584 1355 759 1410 hullucinstus
770 1357 844 1412 foret.
862 1355 963 1427 Quippe
974 1356 1044 1409 idem
1055 1372 1140 1411 nunus
1152 1357 1198 1427 qui
1209 1356 1270 1411 Dio·

101 1443 181 1510 nysio
193 1459 246 1497 ιιι.
260 1447 311 1508 est,
328 1461 370 1496 xv.
388 1443 421 1496 sb
436 1442 549 1497 Eusebio
566 1449 725 1508 numeretur,
743 1443 813 1513 quod
828 1443 851 1496 is
867 1443 981 1496 natalem
993 1440 1088 1496 Christi
1105 1443 1226 1496 coniicist
1242 1443 1270 1496 in

101 1545 203 1581 ennom
215 1529 319 1584 tertium
333 1529 435 1599 Olymp.
449 1543 550 1594 cxciv„
567 1545 620 1599 quo
638 1529 729 1584 eodem
745 1545 814 1582 suno
826 1528 932 1582 ineunte
943 1543 1005 1581 seru
1016 1526 1271 1582 Christiiiusebisns

101 1613 209 1666 initium
214 1613 312 1680 hehet,
330 1615 430 1668 lulisno
442 1633 516 1680 ιιι,
534 1615 695 1685 Dionysiana
706 1631 768 1668 rere
780 1614 900 1684 sequenti
911 1629 982 1668 xnur.
1005 1613 1103 1668 Verum
1114 1613 1145 1668 ele
1156 1614 1270 1684 Augusti

63 1706 67 1719 '
101 1704 128 1752 et
139 1699 250 1753 Herodis
261 1701 337 1755 sonis
345 1717 409 1754 mox
421 1700 558 1754 dicendum
570 1701 625 1756 crit.

152 1903 399 1960 EXGUTIUNTUR
414 1906 459 1960 ΕΑ
477 1905 566 1971 QUAE
584 1903 761 1961 ADVERSUS
779 1903 1017 1960 DIONYSIANAM
1033 1903 1153 1960 Aestii
1169 1905 1219 1959 EX
1294 1933 1316 1973 p.
1326 1924 1370 1966 ne.

361 1991 503 2047 IOSEPHO
521 1991 634 2047 NUPllll
650 1991 753 2046 0131101
771 1990 902 2046 ΟΟΕΡΤΔ
919 1989 1016 2045 SUNT.
1162 1989 1164 1994 '

171 2129 295 2184 Omnium
308 2145 375 2201 ques
386 2131 513 2202 superiori
524 2131 609 2202 cupite
621 2129 792 2185 disseruimus
804 2145 835 2183 eo
847 2144 951 2184 summu
960 2129 1039 2195 redit,
1056 2133 1086 2183 ιιι
1097 2129 1121 2183 si
1136 2129 1195 2200 quis
1206 2129 1267 2184 Dic·

100 2215 242 2285 nysisusm
253 2231 341 2270 serem
353 2233 383 2270 sc
394 2233 561 2272 communem
572 2217 639 2271 tueri
646 2217 717 2282 velit,
728 2216 877 2269 accessorio
888 2215 953 2269 hoec
963 2214 1094 2269 offirmare
1106 2215 1206 2282 debest,
1219 2216 1268 2286 pri·

101 2317 177 2356 mum
189 2302 246 2356 eins
258 2303 361 2356 initium
373 2319 441 2356 enno
453 2303 554 2357 loliano
567 2321 638 2358 xnvr.
655 2303 784 2374 coepisse,
801 2301 830 2356 G.
843 2300 955 2356 Gcessre
970 2307 997 2355 et
1006 2301 1087 2356 Paulo
1101 2317 1182 2368 coen,
1199 2318 1230 2356 uc
1245 2302 1269 2356 si

99 2387 225 2458 proxime
235 2393 297 2441 ante
307 2389 463 2459 principium
475 2405 549 2444 serae
560 2395 652 2443 netum
663 2405 722 2442 esse
734 2386 865 2446 Christum
879 2387 1024 2453 οιιιιιιιιιιι,
1040 2387 1066 2440 id
1083 2403 1152 2442 enno
1168 2389 1270 2443 Iulisno

101 2491 164 2528 ιιι,
178 2473 357 2540 tribuendum,
375 2489 442 2528 coss.
455 2475 574 2530 Cornelio
586 2475 696 2530 Lentulo
713 2479 740 2528 et
756 2471 896 2544 Gslpurnio
907 2473 1014 2528 Pisone:
1032 2473 1124 2528 nunde
1139 2473 1271 2530 Christum

101 2575 188 2614 annos
206 2565 298 2613 ustum
314 2577 409 2614 novem
425 2565 452 2614 et
462 2555 556 2631 uiginti
572 2561 606 2614 ed
617 2561 777 2632 baptismum
789 2560 944 2626 messuisse,
960 2575 1029 2614 suno
1040 2559 1136 2613 Tiberii
1147 2577 1215 2625 ιιι,
1226 2561 1271 2614 Vi-

101 2645 176 2698 nicio
185 2649 211 2698 et
221 2643 342 2716 Longino
354 2661 421 2699 coes.
432 2647 538 2700 ineunte
550 2647 688 2700 tricesimo.
711 2647 766 2700 Hec
783 2661 837 2699 une
851 2647 952 2698 tutione
963 2645 1063 2698 biennii
1075 2645 1270 2716 μιταχρονισμις

101 2731 146 2784 ille
158 2729 271 2784 <leviari
281 2736 380 2802 potest,
397 2747 474 2802 quem
487 2731 604 2802 Scsliger
616 2733 723 2802 einsqne
735 2737 875 2786 sectatores
887 2731 1028 2795 obiicinut;
1044 2731 1090 2800 qui
1106 2730 1210 2800 quidem
1225 2745 1269 2784 us-

101 2817 218 2870 cumerio
235 2817 361 2887 seqnitur,
378 2818 400 2870 si
417 2817 527 2871 Lentulo
540 2833 570 2870 ac
582 2817 732 2872 himeehino
745 2835 811 2870 coss.
823 2816 923 2870 luliuno
936 2833 1011 2870 xum.
1024 2821 1115 2869 natum
1127 2833 1186 2870 cese
1197 2815 1269 2871 Chri·

101 2909 172 2956 stum
186 2917 303 2968 mseras,
316 2907 342 2956 et
352 2903 450 2956 'liberii
461 2921 518 2968 ru,
529 2903 630 2956 loliano
639 2921 742 2970 nuru,
755 2901 846 2956 mtstis
858 2913 921 2955 sose
933 2900 1064 2956 tricesimo
1075 2902 1128 2956 ism
1141 2902 1269 2970 absoluto,

102 2989 211 3042 ineunte
222 3003 284 3042 vero
295 2989 426 3042 uicesimo
438 2991 535 3060 primo,
547 2989 706 3060 baptizatum
716 2989 807 3044 inisse.

171 3073 205 3127 Et
216 3073 342 3128 huctenm
355 3075 460 3146 quidem
472 3079 540 3129 reete
553 3075 699 3128 communis
712 3089 772 3128 seru
784 3073 921 3145 procedere
932 3073 1024 3145 potuit
1048 3072 1101 3128 Sed
1112 3090 1180 3128 nors
1191 3091 1270 3146 ques·

101 3161 162 3214 (lem
182 3163 244 3213 ente
258 3158 306 3214 hos
317 3161 412 3231 viginti
428 3177 511 3214 annos
529 3160 613 3214 eidem
629 3161 729 3214 moveri
744 3161 921 3214 controversis
937 3160 1029 3232 eoepit.
1049 3159 1174 3231 Numqui
1190 3162 1217 3214 in
1229 3161 1270 3217 le·

101 3245 176 3317 sephi
189 3245 338 3315 gmvissimi
349 3247 483 3317 scriptoris
497 3245 632 3301 historiam
650 3245 800 3317 diligentius
817 3246 1003 3312 incubuerunt,
1020 3261 1131 3316 eumque
1148 3263 1208 3300 oum
1219 3247 1270 3312 no-
1288 3244 1292 3252 ‘

101 3331 190 3385 munis
202 3331 332 3386 historicis
342 3333 537 3386 accuratissime
549 3333 726 3398 contuleruut,
743 3333 837 3386 eruditi
848 3333 1008 3403 solertesque
1019 3331 1183 3403 chronologi,
1194 3333 1270 3388 sicile

102 3416 329 3488 deprehenderunt
339 3435 392 3471 non
404 3419 510 3472 biennio
522 3418 619 3484 solum,
632 3418 677 3472 sed
689 3423 716 3471 et
727 3417 910 3489 quadriennio,
921 3419 964 3472 rel
975 3419 1167 3489 quinquennio,
1179 3435 1270 3474 rernm

102 3503 200 3557 Ohristi
217 3503 333 3556 nstnlem
350 3503 545 3575 anticipandum
562 3521 632 3571 esse,
648 3506 745 3559 eivers
756 3511 819 3558 sunt
829 3520 896 3574 quse
908 3503 941 3557 sb
952 3503 1004 3558 illis
1016 3502 1145 3558 historicis
1157 3505 1270 3576 produn·

102 3595 152 3642 tnr.
177 3589 327 3660 Dlspntsrit
338 3605 369 3643 es
381 3589 412 3643 tle
423 3605 451 3642 re
462 3590 561 3660 primus
573 3591 691 3645 omnium
702 3589 830 3644 Delerins
842 3595 943 3655 noster;
961 3591 1035 3643 cuins
1047 3591 1204 3646 sententium
1215 3607 1269 3644 sm-

101 3676 198 3744 plexos
211 3680 252 3728 est
262 3679 289 3727 et
299 3673 438 3728 illustrarit
449 3676 590 3746 plurimum
602 3676 728 3746 Keplerue
739 3676 851 3746 insignis
862 3675 1060 3730 mathematicus
1071 3675 1138 3730 libro
1151 3677 1183 3730 de
1193 3677 1269 3730 Anno

101 3759 204 3824 Netsli,
220 3767 247 3813 et
262 3759 289 3812 in
305 3759 411 3830 Eclogis
428 3759 607 3831 Chronologis.
643 3761 727 3826 Quum
746 3762 850 3814 illorum
872 3762 1021 3832 opinionem
1037 3761 1143 3832 (lignem
1159 3762 1270 3815 arbitror

102 3861 170 3915 quae
182 3845 264 3900 etium
275 3850 353 3915 utque
364 3845 444 3900 etism
455 3847 640 3912 consideretur,
655 3847 791 3918 indignum
807 3851 875 3900 certe
887 3861 966 3916 quum
978 3863 1036 3902 cum
1049 3847 1106 3900 eine
1118 3851 1208 3900 sutore
1219 3846 1270 3900 De·

101 3930 173 3985 herio
184 3931 224 3983 rir
235 3930 294 4001 pins
307 3937 333 3984 et
344 3930 459 3984 eruditus
470 3949 537 4002 pene
549 3931 670 3986 hostilem
681 3935 708 3986 in
721 3931 828 3986 modum
840 3933 1024 4002 proscriberet,
1035 3939 1162 4002 tunquam
1173 3945 1269 3988 novum

102 4025 126 4070 et
136 4017 173 4070 sb
185 4031 238 4069 usn
248 4017 327 4069 totins
340 4017 465 4070 ecclesiae
476 4022 610 4072 remotum.
633 4017 690 4088 ligo
702 4035 764 4072 roro
776 4033 946 4072 norumessc
963 4018 1067 4088 quidem
1082 4017 1154 4071 illem
1171 4033 1220 4071 nec
1236 4019 1269 4071 sb

102 4102 218 4173 uotiquis
231 4107 383 4174 usurpatum
394 4103 482 4169 uduo,
494 4104 576 4174 quod,
589 4109 619 4157 ιιι
629 4103 726 4158 dietum
738 4109 791 4170 est,
803 4120 956 4175 persuasum
968 4103 1094 4157 hactenus
1106 4108 1176 4156 esset
1187 4105 1270 4157 omni·

102 4187 149 4242 bus
162 4185 297 4242 Christum
314 4189 408 4242 uetsfis
424 4204 493 4243 nnnc
508 4189 638 4244 tricesimo
650 4191 811 4260 baptizatum
823 4207 892 4256 sese,
908 4207 992 4260 neque
1008 4189 1151 4260 porticulus
1162 4185 1217 4249 ὡςιι
1229 4205 1269 4242 ιιι·

102 4275 200 4328 tionsm
212 4272 354 4328 Minodum
365 4273 503 4339 heberent,
521 4277 646 4330 ecclesiae
657 4293 719 4329 vero
735 4275 838 4330 decreto
856 4277 903 4330 ulli
914 4277 956 4330 vel
972 4275 1103 4330 sutorituti
1115 4290 1269 4346 repugnare,

102 4359 127 4412 id
137 4365 293 4414 consumet
304 4375 381 4430 nego.
405 4359 464 4414 Non
481 4361 551 4414 enim
569 4367 715 4432 temporum
732 4377 913 4433 annorumque
928 4362 1006 4415 tricus
1018 4361 1082 4414 istos
1095 4377 1126 4414 sc
1137 4361 1269 4427 minutius,

102 4451 146 4498 aut
155 4445 355 4499 intervellcrum
367 4450 446 4517 etque
458 4445 614 4516 epocharum
626 4444 747 4519 ἀκρίβειαν
759 4453 835 4502 curet
845 4447 978 4512 eccleseis,
994 4447 1040 4500 sed
1058 4451 1161 4518 recepto
1177 4463 1207 4500 sc
1223 4463 1269 4517 po·

102 4531 186 4599 pulcri
197 4531 434 4602 computandorum
446 4537 591 4602 temporum
603 4533 703 4588 ratione
716 4539 838 4587 contente
849 4539 896 4586 est
915 4531 978 4597 Quis
990 4533 1059 4586 enim
1070 4537 1145 4604 potet
1155 4537 1270 4586 veterem

101 4615 173 4672 illem
184 4631 316 4672 annorum
328 4617 436 4674 chorbe
448 4617 552 4674 condito
563 4635 695 4676 summum
706 4635 721 4675 e
734 4618 892 4674 Graecorum
902 4618 1019 4676 iontibus
1036 4617 1172 4685 heustsm,
1190 4633 1269 4688 qosm
