3166 5044
272 313 386 376 mm

274 471 386 536 Quinam
401 471 482 542 igitur
499 470 544 526 alli
561 487 619 526 esee
635 476 746 542 possunt
756 487 835 543 quam
844 473 925 544 Legh
936 474 1088 546 interpretes
1100 479 1126 529 et
1136 473 1272 528 doctores?
1295 471 1369 528 certe
1380 489 1434 530 non

274 557 311 612 illi
323 558 492 628 pragmatici,
508 563 554 610 aut
569 557 726 624 formularii,
743 559 798 612 sive
812 561 921 614 minerii
936 561 1053 614 luerunt:
1071 577 1138 631 quos
1148 576 1226 614 nemo
1238 561 1269 614 de
1280 577 1308 614 re
1320 564 1392 614 tanta
1404 577 1435 614 ac

273 651 327 698 tam
342 643 475 698 recondita
485 644 644 709 consuleret,
660 644 693 697 ad
709 660 788 716 quam
803 645 901 699 scilicet
913 645 1110 716 intelligendam
1125 645 1369 716 disceptandumque
1379 663 1434 700 uon

273 731 411 784 mediocris
427 745 560 783 sacrarm
574 730 707 784 literarum
718 747 782 785 usus
794 746 826 784 aa
836 731 945 786 scientis
954 732 1108 802 requiratur.
1137 731 1212 796 Quod
1223 730 1256 784 ad
1267 731 1351 785 Lucae
1362 733 1435 784 tead-

272 817 391 870 mouium
402 815 467 870 illud
479 815 572 869 attinet
582 831 638 886 cap.
650 833 697 882 xa,
713 817 846 886 singulare
858 823 899 870 est
915 817 942 870 iu
954 833 984 870 eo
997 817 1120 888 quiddam
1131 817 1163 870 de
1175 833 1226 887 quo
1238 817 1339 882 nullus,
1351 833 1434 887 quan·

276 908 333 956 tum
349 902 415 956 scire
431 918 547 972 possum,
564 902 690 972 interpres
707 902 849 956 admonuit
883 901 988 957 Etenim
1000 902 1099 956 Graece
1110 903 1149 955 ita
1164 902 1272 972 legitur:
1293 900 1357 954 ctat
1369 901 1434 973 ipis,

275 989 437 1059 l'pappartic,
450 987 490 1039 aul
503 987 637 1058 Φαρισαῖοι
649 986 783 1058 ὑποκριταὶ,
796 1004 890 1042 comm.
898 989 951 1054 44,
963 989 1032 1059 quod
1044 994 1069 1042 et
1080 987 1173 1041 Latina
1184 987 1328 1042 Bibliorum
1339 987 1435 1058 Regio·

274 1091 332 1128 rum
349 1074 526 1144 interpretatio
542 1073 642 1127 retinet
669 1074 704 1128 ht
719 1074 747 1127 iu
762 1073 861 1128 latinis
877 1075 935 1128 aliis
950 1073 1083 1128 codicibus
1100 1079 1127 1126 et
1142 1072 1211 1144 apud
1226 1073 1393 1128 Ambrosium
1408 1079 1436 1126 et

275 1160 613 1230 Hieronymumitalcgitur:
633 1159 686 1212 Vae
695 1161 771 1223 achia
781 1163 824 1228 qui
832 1165 926 1212 causat
934 1169 1097 1223 monumenta,
1109 1177 1173 1228 pauc
1182 1177 1231 1212 noo
1240 1169 1375 1230 appareat,
1387 1168 1433 1213 etc.

273 1247 363 1317 Neque
374 1245 502 1300 vocabola
512 1246 564 1298 iata
574 1245 749 1315 reperiuntur,
760 1245 868 1298 Sca-ibae
879 1255 904 1299 cr
912 1246 1054 1298 Pharisaei
1064 1245 1220 1314 hypocritae.
1245 1243 1279 1298 llt
1289 1251 1396 1316 apparet
1407 1245 1434 1299 in

274 1331 429 1403 quibusdam
440 1332 503 1385 clim
514 1329 671 1385 Graecorum
680 1329 811 1384 codicibus
822 1331 868 1384 illa
878 1329 1000 1384 dammae.
1017 1329 1089 1393 Quae
1100 1331 1123 1383 si
1134 1335 1330 1401 expungantur,
1341 1331 1437 1400 peribit

274 1423 457 1488 argumentum
468 1416 544 1482 illud,
556 1433 608 1487 quo
619 1417 702 1470 fretus
712 1417 821 1470 Drusiue
833 1415 946 1486 νομικοὺς
958 1431 974 1468 a
986 1408 1083 1469 Scribis
1092 1415 1254 1470 distinxerat
1274 1415 1307 1468 lit
1316 1417 1435 1486 quamvis

274 1505 312 1557 ita
323 1509 352 1557 ut
363 1504 392 1557 iu
402 1502 508 1556 Graecia
520 1508 600 1568 extat,
611 1501 719 1556 Scribas
731 1512 754 1556 et
765 1501 912 1566 Pharisaei,
924 1502 1051 1572 legamus,
1063 1517 1115 1554 non
1126 1500 1187 1554 iude
1197 1505 1287 1555 tamen
1297 1501 1435 1555 discrimen

274 1589 339 1642 illud
350 1589 483 1642 evincitur.
517 1587 556 1640 lta
567 1589 636 1642 enim
647 1589 810 1659 interpretari
820 1587 892 1640 licet:
905 1603 965 1641 oum
975 1585 1101 1640 hactenus
1111 1588 1139 1640 iu
1151 1587 1221 1640 soloe
1231 1586 1384 1641 Pharisaeos
1395 1586 1435 1640 iu·

274 1686 364 1728 vectus
376 1679 458 1738 esset,
475 1678 606 1744 postremo
619 1689 713 1728 comm.
724 1673 771 1739 44,
787 1673 820 1726 ad
830 1671 982 1726 Pharisaeos
993 1673 1072 1726 etiam
1083 1673 1188 1727 Scribas
1199 1672 1332 1728 adiecisse.
1361 1671 1435 1737 Quod

273 1777 332 1814 cum
344 1760 449 1830 indigne
461 1760 564 1812 tulisset
581 1759 687 1830 qnidam
705 1760 751 1830 qui
762 1759 854 1814 Scriba
868 1757 1062 1826 tantummodo,
1078 1775 1131 1812 nun
1142 1757 1297 1812 Pharisaeus
1309 1765 1391 1824 esset,
1403 1757 1435 1814 de

275 1843 347 1900 ea're
359 1851 541 1916 conquestum,
560 1845 629 1914 quod
644 1862 697 1898 uon
712 1845 790 1898 modo
806 1843 971 1910 Pharisaeos,
987 1861 1078 1898 verum
1094 1849 1121 1898 et
1136 1843 1252 1898 ordinem
1263 1860 1342 1898 suum
1352 1845 1436 1897 inces-

274 1937 351 1986 seret.
386 1931 457 1984 Haec
475 1947 532 1984 esse
548 1935 635 2001 potest
650 1930 844 2000 simplicissima
858 1928 935 1982 huius
946 1931 997 1984 loci
1008 1930 1194 2001 aptissimaque
1205 1927 1341 1983 mutantia.
1367 1928 1436 1983 Nam

273 2018 378 2072 omniuo
391 2017 507 2086 νομικοὺς
519 2033 565 2086 ριο
578 2015 691 2078 Scribis,
703 2021 728 2068 et
739 2015 869 2078 vicissim,
886 2016 1061 2084 evangelistae
1073 2032 1163 2069 omnes
1175 2021 1308 2086 usurpant
1332 2015 1435 2069 Scriba·

202 2143 208 2155 .
243 2145 249 2159 .
275 2120 333 2158 rum
344 2119 420 2173 porro
431 2117 527 2154 munus
539 2107 566 2154 et
574 2099 689 2154 officium
697 2099 827 2171 praeclare
839 2099 973 2170 descripsit
981 2099 1073 2171 Epiph.
1085 2117 1145 2154 oum
1153 2102 1201 2154 ait:
1213 2098 1361 2173 δευτερωιᾶς
1370 2119 1435 2162 τινας

276 2193 320 2241 τοῦ
332 2187 516 2258 vitissimam,
528 2185 562 2248 ὡς
574 2186 746 2256 γραμματικήν
758 2203 811 2237 τινα
827 2183 960 2255 ἐπιστήμην
978 2185 1167 2257 ὑφηγουμένους.
1197 2186 1268 2251 Quos
1285 2185 1389 2256 quidem
1400 2203 1435 2240 ex

275 2274 389 2328 Levitico
400 2273 469 2326 tribu
481 2273 599 2326 audisse
610 2285 745 2343 perperam
757 2270 863 2326 adnotat
873 2270 954 2336 Besa,
966 2287 1028 2325 nam
1040 2285 1054 2326 e
1067 2273 1183 2342 qualibet
1194 2277 1393 2344 aesopotarant,
1405 2277 1436 2327 ut

275 2365 302 2415 et
312 2358 452 2412 Pharisaei.
1049 2375 1051 2388 ·

346 2443 435 2514 Πογμῇ
446 2441 488 2513 pic
494 2439 536 2505 τὰς
542 2446 625 2514 χεῖρας
635 2443 793 2514 καιόμενοι]
799 2442 887 2514 llo-{pf}
894 2459 947 2496 nou
952 2442 1132 2515 aliteraccepit
1137 2443 1296 2516 Epiphanius
1305 2459 1336 2498 ao
1344 2445 1436 2516 vulgu-

223 2531 227 2536 '
276 2536 320 2585 tue
331 2529 460 2600 luterprcs
475 2545 522 2600 pro
544 2545 574 2582 eo
587 2529 655 2598 quod
666 2533 707 2582 est
718 2529 819 2592 crebro,
830 2531 990 2598 frequenter:
1007 2547 1053 2600 pro
1065 2547 1117 2600 quo
1128 2529 1198 2584 Besa
1207 2531 1331 2584 acriis
1342 2533 1435 2584 intem·

275 2617 375 2688 pestivo
387 2615 473 2669 studio
481 2633 568 2685 pupae
584 2613 700 2679 redditit,
721 2631 784 2668 saue
800 2615 926 2683 imperite.
955 2615 1006 2668 Sed
1023 2615 1054 2668 de
1065 2615 1170 2670 ludaico
1182 2616 1296 2687 quodam
1312 2617 1436 2672 abluendi

275 2718 383 2772 genere,
395 2718 447 2772 quo
459 2701 492 2755 ad
503 2717 620 2755 summos
632 2717 715 2772 usque
727 2700 822 2770 digitos
834 2715 928 2754 mauus
939 2700 1074 2768 lavabant,
1085 2703 1144 2757 vide
1161 2701 1306 2757 Sertorium
1317 2710 1435 2758 nocuum

272 2789 316 2844 lib.
329 2806 356 2842 rr.
370 2803 425 2859 cap.
438 2805 477 2841 ιιι.

340 2873 386 2925 ital
397 2872 549 2944 φυλακτήρια
560 2869 618 2943 παρ’
631 2871 735 2940 αὐτοῖς]
749 2871 888 2928 Deuterou.
901 2889 936 2928 vr.
949 2889 1015 2928 com.
1028 2872 1052 2927 8.
1065 2889 1125 2927 oum
1136 2875 1318 2930 mandatorum
1327 2889 1434 2930 suorum

272 2960 362 3030 iugem
380 2963 406 3012 et
417 2959 549 3014 assidua-m
559 2959 754 3013 meditationem
769 2960 929 3030 praeciperet
939 2959 1014 3013 deus:
1035 2959 1072 3012 Et
1082 2961 1187 3028 iiqabia,
1204 2961 1300 3031 inquit,
1317 2981 1349 3015 ea
1360 2966 1435 3032 quasi

273 3049 372 3112 siquam
388 3049 416 3096 iu
431 3063 507 3096 mano
525 3054 582 3108 too,
604 3055 721 3115 erantque
741 3055 766 3098 ct
779 3046 938 3099 moecharetur
953 3047 1115 3098 intercoelos
1131 3057 1196 3099 mos:
1218 3047 1343 3100 Hebraico
1359 3053 1434 3110 iim

275 3133 363 3213 'finiti
380 3133 430 3216 Γπ
447 3097 618 3202 mmuh.
649 3129 792 3184 Chaldaeus
812 3101 945 3218 jubens.
965 3131 1003 3185 De
1018 3129 1165 3202 Totaphcth
1184 3137 1239 3186 mm
1257 3132 1291 3185 ab
1310 3133 1434 3188 hebraeis

274 3229 354 3284 quam
372 3215 494 3268 auosbis
505 3215 577 3268 varie
588 3213 740 3285 disputator.
763 3233 816 3269 uxr
828 3233 874 3286 pro
886 3231 918 3268 ea
928 3232 992 3270 voce
1004 3214 1126 3268 ἀσάλευτον
1136 3216 1258 3270 reddunt:
1270 3217 1312 3270 aul
1323 3215 1433 3270 iuraras
1542 3285 1545 3294 .

274 3298 397 3352 ichleura
408 3299 456 3369 aph
469 3295 605 3370 ὀφθαλμῶν
617 3303 674 3352 coi:
695 3300 729 3354 Et
739 3301 792 3354 aiut
808 3302 953 3354 immobilia.
987 3302 1022 3354 ht
1032 3301 1149 3372 Scaliger
1160 3304 1246 3374 inepte
1257 3303 1363 3358 credidit
1374 3301 1433 3357 draic-

275 3385 350 3438 λενια
361 3385 431 3440 idem
442 3401 499 3438 esea
510 3391 587 3455 atque
600 3387 718 3441 amuleta.
745 3387 826 3447 Quam
838 3405 935 3451 uocem,
946 3388 1042 3457 iuquit,
1053 3392 1218 3457 qrammac'ci
1229 3393 1336 3444 condam
1347 3394 1373 3442 in
1384 3409 1433 3444 ιιια

274 3473 359 3526 testea
370 3473 516 3525 retulerant.
540 3471 632 3540 Itaque
643 3473 709 3526 idem
721 3483 759 3524 cst
768 3469 914 3542 ἀσάλευτον,
927 3472 967 3524 καὶ
980 3471 1150 3544 φυλακτήριον.
1174 3473 1226 3528 sed
1237 3475 1305 3530 uude
1314 3475 1363 3530 hoc
1375 3483 1433 3531 tan·

274 3558 334 3610 dem
345 3556 439 3610 habet?
456 3555 523 3610 Nam
535 3553 656 3608 ιἰοαλιντα
668 3573 719 3610 nou
731 3557 901 3623 substantive,
913 3558 1042 3628 nequead
1053 3565 1216 3614 remcertam
1227 3561 1433 3631 significandam,

274 3642 320 3697 sed
331 3642 470 3714 adjective,
487 3647 514 3695 et
525 3639 644 3712 ἀορίστως
659 3649 825 3713 usurparunt.
848 3643 944 3708 Erant,
960 3644 1057 3714 iuquit,
1077 3649 1179 3698 immota
1196 3655 1254 3700 aute
1269 3650 1354 3701 onuba
1369 3658 1431 3706 toas.

274 3729 359 3794 Quare
369 3729 449 3798 friget
459 3727 522 3781 haec
534 3743 618 3782 novae
632 3729 704 3782 vocis
722 3729 876 3782 observatio.
907 3729 993 3783 Locus
1005 3737 1045 3783 cst
1055 3729 1147 3784 Matth.
1159 3749 1237 3797 xxrrr,
1258 3731 1282 3785 5.
1294 3733 1323 3788 in
1334 3749 1386 3805 quo
1398 3735 1432 3789 ad

273 3812 419 3886 Totaphoth
439 3818 466 3868 et
484 3813 607 3868 frontalia
622 3812 739 3868 Christus
755 3819 901 3885 respectum
920 3813 1041 3869 habuisse
1060 3817 1169 3870 videtur.
1197 3816 1264 3871 Nam
1278 3817 1432 3874 Pharisaeos

273 3901 462 3972 perstringens,
475 3899 608 3962 Dilatum,
625 3899 721 3970 inquit,
737 3901 900 3970 phylacteria
917 3919 975 3966 sua,
995 3905 1325 3973 etmaqmficactfimhrias.
1348 3905 1432 3969 Quem

273 3987 306 4038 ad
322 3988 408 4040 locum
418 3985 567 4055 Hieronym.
578 3983 775 4040 Pharisaeorum
792 3986 1001 4056 superstitionem
1012 3993 1099 4054 notat,
1115 3989 1159 4059 qui
1172 3988 1241 4058 quod
1253 3990 1431 4062 sinplicitera

274 4071 321 4124 deo
333 4071 484 4125 mandatum
500 4077 569 4136 erat,
589 4072 661 4125 utin
678 4073 737 4141 lege
752 4070 901 4124 meditanda
916 4071 1127 4144 observantiaque
1142 4075 1247 4128 aseidtm
1257 4083 1430 4144 versarentur,

274 4157 363 4226 utique
373 4157 419 4210 illa
430 4163 490 4210 ante
502 4158 590 4210 oculos
602 4161 726 4228 perpetuo
739 4157 814 4227 quasi
830 4157 1019 4213 monimentum
1032 4159 1161 4229 quoddam
1172 4165 1286 4227 extaret,
1300 4162 1337 4216 ita
1351 4163 1431 4216 inter-

273 4241 366 4313 pretati
377 4247 450 4307 aunt,
463 4243 537 4312 quasi
549 4243 703 4312 descriptam
715 4243 743 4295 in
754 4243 912 4296 membranis
923 4244 1010 4315 legens
1021 4251 1047 4298 et
1052 4245 1181 4300 frontibus
1186 4247 1321 4317 alligatam
1332 4249 1430 4318 gestari

273 4327 438 4398 praeciperet
469 4326 597 4391 Quocirca
615 4326 679 4381 haec
694 4328 781 4399 opinio
797 4329 948 4399 Hieronymi
963 4329 1012 4382 luit
1031 4331 1134 4385 nullum
1148 4331 1258 4386 Iudaeos
1277 4333 1431 4391 mandatum

273 4411 393 4466 habuisse
410 4410 443 4464 de
457 4411 621 4482 phylacteriis
633 4429 664 4468 ac
680 4413 834 4468 conuulsa
846 4416 1016 4480 membranis,
1036 4415 1082 4469 sed
1097 4433 1183 4471 crasse
1194 4418 1253 4472 illos
1269 4424 1295 4472 et
1310 4421 1429 4492 imperita

273 4497 389 4556 ditinum
403 4498 532 4552 monitum
547 4499 685 4569 accepisse.
708 4499 791 4564 Quam
808 4501 842 4556 ob
854 4517 973 4556 caraem
984 4502 1109 4557 acerdme
1120 4518 1137 4556 a
1147 4502 1281 4575 Scaligero
1292 4505 1430 4576 reprehen-

273 4599 319 4640 sus
330 4587 382 4650 est,
393 4583 439 4654 qui
449 4597 485 4638 ex
494 4583 559 4654 ipsis
570 4584 638 4654 legis
647 4585 733 4640 verbis
744 4593 847 4656 pugnat
858 4588 887 4644 in
897 4585 1011 4644 llleuobo
1022 4603 1079 4661 cap.
1093 4605 1148 4644 vrrr.
1160 4604 1192 4644 ea
1201 4591 1259 4661 ipsa
1269 4591 1434 4663 phylacteria.
