3126 5046
358 319 452 380 canu

357 478 555 534 menueiaisauu
566 477 669 532 illorum
682 477 856 532 coniecturam
868 471 1015 548 redarguat
1049 475 1499 548 Qaiiustituendipcenitsntiariisa

358 565 468 618 cerdatis
481 579 587 618 caussas
600 563 748 634 disputans:
773 561 905 634 Φορτικδν,
918 565 967 629 ait,
980 561 1005 624 ii
1016 561 1093 635 ἀρχῆς
1105 567 1156 624 τοῖς
1168 561 1267 634 ἱερεῦσιν
1278 559 1367 632 ἔδοξεν,
1386 559 1420 624 ὡς
1435 561 1456 615 ιν
1470 563 1499 614 tr·

356 648 424 721 ἇτρῳ
437 649 484 702 ὑπὸ
497 647 599 720 μάρτυρι
611 653 647 719 τῷ
657 647 743 715 πλήθει
754 649 796 715 ιῆς
808 646 937 714 ἐκκλησίας
949 643 991 710 τας
1003 647 1121 719 ἁμαρτίας
1131 646 1292 718 ἐξαγγέλλειν.
1310 647 1499 719 Πριαβότεμανόὶ
1556 645 1557 666 ’

356 739 405 787 τῶν
418 731 505 804 ἄριστα
517 733 694 803 πολιτιυμένων
707 731 826 804 ἔχόμνόόν
838 751 863 784 τι
875 733 915 784 καὶ
927 729 1037 804 ἔμφρονα
1048 731 1087 786 tnt
1098 737 1172 786 τοῦτο
1184 731 1320 805 enipeus,
1333 729 1501 805 ᾦόὴκροςιόι-

356 837 393 880 τες
406 817 428 871 ai
439 817 605 890 ἡμαρτηκότες
618 817 647 870 τὰ
660 817 794 889 βεβιωμένα
806 817 962 888 ὡμολόγουν·
975 815 988 871 ό
1007 817 1033 871 ii
1045 818 1105 890 πρὶς
1121 818 1165 886 τὴν
1180 817 1282 872 ἕκαστον
1300 817 1432 890 ἁμαρτίαν,
1448 817 1470 886 ό,
1483 835 1501 869 τι

355 903 404 976 χρὴ
417 907 515 972 ποιῆσαι
526 906 541 971 ῆ
554 902 644 956 tantan
656 900 773 973 ἐπιτίμιον
786 903 832 964 ieie
844 902 947 973 ἀπέλυε,
965 903 1032 976 παρὰ
1047 907 1116 974 σφῶν
1129 903 1210 956 αὐτῶν
1222 903 1265 971 rip
1276 903 1374 974 δόκηνῑ)
1391 903 1500 976 εόικμαξι-

356 989 449 1060 μένους,
469 991 580 1055 Durum,
591 989 690 1059 iuquit,
702 999 727 1040 et
736 991 921 1042 intolerandam
932 993 1005 1042 initio
1016 992 1162 1042 sacerdotes
1173 1007 1225 1042 esee
1236 992 1397 1054 iudicmnt,
1409 995 1445 1042 sr'c
1455 999 1501 1041 tan·

355 1095 429 1146 quom
446 1077 472 1126 in
490 1075 602 1140 theatro,
618 1093 667 1144 pro
685 1076 807 1126 ecciesiae
824 1083 894 1128 coetu
911 1093 944 1128 ae
960 1080 1080 1128 concione
1087 1083 1200 1145 peecata
1208 1079 1390 1146 pronunciare.
1428 1075 1501 1136 Quare
1556 1067 1557 1138 i

350 1161 524 1232 presbyterum
536 1161 658 1229 pendam
670 1169 821 1212 secretorum
833 1169 945 1214 tenacem
958 1177 990 1213 ac
997 1162 1147 1230 prudentem
1163 1165 1188 1212 er'
1198 1165 1295 1212 maner-i
1301 1169 1501 1230 praeposuerant,

356 1247 392 1298 ad
407 1263 475 1316 quem
489 1255 640 1316 peccatores
656 1245 776 1298 adeuntes
790 1249 859 1299 vitae
871 1263 933 1298 suae
949 1263 1028 1299 nonas
1045 1255 1210 1316 exponerent:
1228 1255 1257 1298 at
1271 1247 1315 1297 iiie
1327 1263 1380 1316 pro
1398 1249 1502 1314 crisme
1556 1243 1557 1332 i

349 1341 459 1402 peccota
471 1334 576 1384 meritas
583 1347 681 1400 poenos
691 1331 808 1399 inflipens
820 1331 971 1394 dimittebat,
990 1349 1044 1383 curn
1056 1351 1074 1384 a
1085 1335 1176 1402 seipsis
1186 1332 1248 1383 ilias
1259 1333 1407 1399 caepissent.
1440 1329 1502 1393 Quae

355 1416 493 1470 Sarameni
509 1417 587 1469 verbs
602 1415 735 1486 publicum
752 1413 816 1468 iliud
833 1415 973 1469 confitendi
990 1431 1073 1487 genus
1090 1417 1201 1470 alienum
1218 1413 1378 1470 amiciorum
1394 1416 1502 1469 institue

299 1527 305 1536 ¹
354 1499 1099 1572 etapcenitentiariiilliuscificioperepicuesigniiicaut.
1134 1499 1503 1572 Sedmiramquamhaecab·
1556 1565 1557 1584 μ

354 1587 431 1641 surde
442 1587 529 1641 Latini
541 1595 643 1640 autores
655 1585 815 1656 interpretati
826 1585 891 1650 sint,
908 1586 954 1657 qui
970 1603 985 1638 e
996 1584 1141 1640 Saramene
1153 1585 1220 1640 hauc
1230 1585 1367 1640 historiam
1379 1601 1503 1658 expresse

253 1681 327 1736 uiti.
352 1680 420 1728 runt
455 1673 522 1728 Nam
539 1673 566 1726 iu
583 1671 679 1726 Hister.
691 1671 831 1742 Tripartita
847 1671 891 1725 lib.
901 1689 937 1726 u.
950 1687 1006 1742 cap.
1015 1689 1094 1725 xxxv.
1112 1673 1149 1724 ita
1166 1672 1291 1744 scriptum
1308 1677 1361 1726 est-2
1389 1671 1501 1734 Οκοιιίωι

353 1765 450 1814 omniuo
463 1777 509 1812 nors
515 1776 628 1829 peccare
640 1759 750 1810 diuinam
767 1766 791 1810 et
801 1757 870 1808 ultra
882 1756 1018 1809 terronam
1032 1765 1151 1810 nauarent
1161 1775 1213 1810 esse
1223 1761 1392 1826 repnentur,
1400 1775 1502 1828 μιιαι-

353 1847 418 1898 tibus
435 1855 516 1898 autem
533 1849 557 1896 et
563 1847 746 1913 poeniteutiam
762 1843 892 1910 tepentibus
903 1846 1001 1894 neniam
1014 1843 1075 1895 deus
1087 1844 1303 1913 das'ipraeceps't5
1320 1847 1366 1912 qui
1379 1861 1440 1896 cera
1454 1859 1502 1894 con·

346 1935 419 2002 fiters'
430 1934 569 1999 resumeret,
585 1929 668 1980 maius
679 1936 844 1996 peccatorum
860 1945 921 1980 onus
937 1931 1083 1997 acquirant,
1096 1937 1235 1998 propterea
1252 1932 1332 1980 αιἰιιικ
1348 1939 1385 1981 est
1402 1931 1504 1998 auderi
1556 1947 1557 2010 μ

347 2016 523 2087 pontificibus,
537 2022 565 2064 ut
576 2014 642 2065 vetut
651 2016 679 2063 in
691 2011 790 2065 theatro
801 2013 845 2064 sub
859 2016 995 2066 testimonia
1008 2014 1178 2067 ecclesiastici
1183 2014 1275 2084 popuii
1286 2015 1382 2066 dedicta
1390 2017 1503 2084 pandas·
1556 2023 1557 2094 μ

352 2107 394 2154 tar
405 2110 451 2153 etc.
487 2097 557 2162 Quae
574 2101 635 2150 sunt
646 2096 701 2150 teri
716 2113 808 2150 seusus
825 2097 991 2164 inanissima,
1009 2113 1039 2151 ac
1056 2113 1108 2151 nou
1125 2099 1209 2152 salum
1226 2097 1361 2152 aGraecis
1373 2097 1504 2154 Sarameni

352 2185 437 2238 verbis
449 2182 600 2247 abhorrent,
616 2179 661 2236 aed
678 2188 705 2235 et
720 2189 840 2252 pugnant
850 2183 907 2254 ipsa
919 2199 1016 2238 secum.
1052 2181 1136 2248 Quare
1147 2181 1216 2237 haud
1228 2199 1295 2238 rsus
1307 2185 1421 2256 suspitio
1432 2185 1503 2238 estii-

351 2269 495 2323 btartarum
504 2269 581 2338 culpa
589 2283 679 2321 vacem
688 2267 802 2337 aliquam
812 2268 951 2334 excidisse,
961 2275 1038 2338 atque
1046 2269 1084 2322 ita
1091 2267 1277 2322 restituendum
1286 2285 1358 2324 esser
1371 2269 1504 2342 Propterea

351 2359 430 2406 όὶιιιιιι
442 2363 479 2406 est
490 2355 614 2406 notescam
627 2357 737 2422 antiquis
744 2355 906 2423 pontificibus
918 2363 964 2407 etc.
985 2352 1051 2407 Nam
1063 2355 1161 2425 alioqui
1174 2353 1233 2425 quid
1246 2371 1311 2426 opus
1324 2362 1381 2409 arat
1393 2353 1504 2427 όχέμιιόιν

351 2439 509 2494 sacerdotem
522 2436 646 2509 deligere,
663 2438 685 2491 si
696 2439 766 2490 velut
777 2437 804 2492 iu
816 2437 916 2492 theatro
928 2438 1101 2494 traducendus
1118 2445 1187 2494 esset
1200 2441 1337 2512 poenitens
1353 2447 1381 2495 et
1397 2441 1432 2495 ab
1443 2443 1503 2512 ipae·

350 2523 1011 2594 metautaeacerdoteiiiinspeccatapublicandni
1236 2518 1237 2526 ’

417 2611 489 2676 Quae
501 2625 560 2664 cum
573 2608 759 2662 absurdissima
770 2609 834 2674 sint,
853 2615 879 2662 et
895 2609 928 2662 iis
943 2607 1013 2662 haud
1030 2611 1110 2665 multo
1122 2611 1243 2676 meliora,
1261 2627 1327 2681 quae
1345 2627 1362 2666 a
1378 2607 1504 2666 annuntiis

350 2697 500 2763 afferuntur,
517 2713 565 2750 nos
581 2695 607 2748 iu
624 2711 656 2748 ea
671 2694 846 2748 controversia
860 2694 910 2748 duc
924 2695 1050 2764 quaedam
1062 2697 1216 2750 excutienda
1228 2695 1359 2750 duximus.
1395 2699 1505 2752 Alterum

350 2799 474 2854 quorsum
486 2783 529 2836 iiie
541 2781 661 2835 sacerdos
673 2781 820 2845 institutus,
832 2779 941 2833 alterum
952 2787 1079 2850 quatenus
1088 2781 1157 2834 iilius
1167 2781 1201 2834 sit
1209 2781 1336 2852 abrogata
1345 2783 1454 2838 iunctio.
1472 2785 1503 2835 Aa

350 2869 380 2922 de
393 2869 506 2922 Socratis
518 2867 581 2933 tide,
594 2868 643 2921 etsi
655 2866 724 2936 quod
736 2865 768 2918 ad
780 2866 865 2936 ipsum
878 2866 1032 2919 narrationis
1044 2872 1123 2936 capnt
1134 2867 1239 2932 attinet,
1255 2866 1319 2920 nihil
1330 2865 1382 2922 hoe
1394 2870 1452 2923 inco
1464 2867 1505 2921 du·

349 2953 474 3017 bitenius,
492 2953 620 3023 permulta
635 2959 723 3005 tamen
736 2951 768 3003 ad
779 2947 913 3004 historiam
927 2951 959 3004 ab
972 2950 1063 3004 eodem
1074 2951 1180 3005 adtexta
1191 2951 1331 3018 medianus,
1347 2959 1377 3007 ut
1388 2953 1504 3008 uonna·

349 3055 441 3092 norum
453 3046 563 3103 secum,
576 3039 617 3090 cui
628 3045 683 3090 erat
695 3036 825 3100 addictus,
837 3037 990 3089 commentis
1003 3053 1033 3089 ac
1044 3035 1185 3090 mendaciis
1197 3039 1355 3103 sublevaret,
1373 3039 1444 3110 quod
1456 3040 1504 3110 pie·
1556 3047 1557 3120 t

348 3137 457 3194 rumque
469 3137 593 3192 usurpare
605 3123 746 3176 consuevit
781 3121 1418 3194 Exemplceitemultisiiiud,quodsnbstyium
1431 3124 1505 3177 mcda
1556 3121 1557 3126 ’

349 3209 436 3262 subiit.
454 3207 548 3262 Scribit
555 3208 598 3260 iile
607 3208 651 3261 lib.
659 3225 682 3260 ι.
692 3223 748 3277 cap.
755 3205 795 3260 22.
806 3205 948 3260 Caesareae
956 3207 984 3260 in
994 3207 1157 3278 Cappadocia
1166 3224 1210 3261 eoa
1223 3209 1267 3278 qui
1278 3215 1338 3280 past
1351 3209 1505 3280 όκμνίκιιιιιιιι

347 3293 512 3365 peccaverint
522 3309 538 3344 a
549 3293 731 3346 commuuione
743 3293 827 3358 reiiei,
839 3291 1057 3362 quemadmodum
1069 3292 1207 3347 Novatinni
1218 3295 1364 3348 instituunt.
1382 3295 1458 3359 Quod
1469 3303 1507 3348 est

347 3378 589 3442 mendacissimum,
607 3385 636 3431 ut
651 3393 684 3430 cx
697 3376 794 3430 Basilio
812 3378 919 3448 eiusque
931 3377 1157 3448 poenitentialibus
1175 3381 1317 3433 canoribus
1334 3380 1424 3450 ltquet,
1460 3381 1505 3434 Lc-

349 3465 435 3534 quitur
446 3479 506 3516 tero
519 3462 638 3516 Socrates
651 3463 681 3516 de
694 3463 822 3516 veteribus
835 3464 1000 3516 ecclesiarum
1013 3465 1119 3514 τοπικῶν
1136 3463 1239 3529 ritibus,
1254 3482 1288 3518 ne
1304 3467 1362 3536 quis
1379 3473 1440 3536 post
1458 3465 1506 3518 Ba·

348 3549 399 3603 sitii
411 3550 509 3602 obitum
522 3549 596 3601 aliter
608 3547 750 3601 obtinuisse
762 3547 890 3601 coniiciat.
924 3535 1058 3601 Eiusmodi
1069 3549 1157 3618 igitur,
1172 3547 1221 3602 hec
1236 3558 1276 3602 est
1287 3550 1426 3604 confictum
1440 3567 1506 3614 esse,

347 3633 511 3688 uehementer
528 3633 652 3704 suspicor,
671 3632 740 3703 quod
757 3634 806 3686 sub
824 3631 1027 3686 Novatiancrum
1045 3633 1174 3688 duntaxat
1190 3640 1276 3687 crtum
1292 3636 1506 3706 poenitentialem

346 3721 526 3792 presbyterum
544 3719 712 3772 coustitutum
729 3735 786 3771 esse
804 3717 882 3782 dixit,
900 3735 976 3788 quem
995 3735 1055 3772 cum
1073 3719 1109 3772 ait
1125 3721 1161 3789 τῷ
1179 3722 1262 3771 κανόνι
1277 3719 1463 3788 προσκαθῆσθαι
1474 3722 1505 3774 ab

347 3805 488 3877 episcopis,
503 3811 568 3857 tecte
581 3803 720 3858 admodum
731 3809 757 3857 et
768 3803 859 3857 callide
870 3801 1031 3856 Novatiauae
1043 3803 1198 3858 crudelitatis
1210 3805 1280 3858 virus
1292 3805 1412 3871 instillat,
1430 3807 1508 3877 quasi

347 3898 402 3945 tum
419 3890 522 3943 demum
540 3897 623 3942 totum
640 3887 689 3943 hcc
705 3889 878 3960 poenitentiae
895 3889 1029 3959 negotium
1046 3891 1223 3960 excogitatum
1239 3889 1318 3944 inerit
1332 3907 1362 3944 ac
1378 3908 1448 3945 noro
1465 3907 1508 3944 ea·

345 3994 414 4031 ncne
426 3976 562 4030 saricitum.
596 3973 686 4044 Neque
703 3975 772 4028 euim
788 3980 858 4027 recte
875 3977 910 4044 τῷ
923 3975 1005 4026 κανόνι
1022 3973 1200 4044 προςτεόεῖαόκι
1212 3976 1343 4046 accipiunt
1353 3977 1431 4046 vulgo
1445 3993 1506 4030 cnm

345 4063 495 4132 interprete,
512 4067 540 4113 ut
557 4060 592 4112 sit
603 4060 702 4112 Coroni
713 4061 834 4114 adiicere.
870 4057 935 4112 Nam
953 4059 1060 4112 canonis
1072 4058 1173 4113 decreto
1185 4061 1240 4113 ruit
1251 4077 1310 4114 eum
1322 4061 1506 4131 presbyterum

346 4146 503 4200 adiunctum.
539 4143 623 4209 Quare
638 4161 700 4197 mex
718 4145 833 4215 sequitur
844 4143 912 4197 hunc
930 4157 1056 4199 canonem
1068 4146 1101 4198 ab
1115 4145 1235 4198 omuibus
1252 4145 1310 4198 aliis
1324 4153 1471 4217 receptum,
1490 4161 1505 4198 a

346 4229 495 4286 Noratiiuis
507 4231 635 4284 duntaxat
646 4228 807 4299 repudiatum
819 4229 906 4284 inisse.
929 4229 1025 4283 Verum
1037 4237 1065 4283 ut
1077 4229 1108 4283 de
1122 4230 1291 4284 iustitutionis
1307 4237 1421 4302 tempore
1438 4229 1506 4285 nihii

346 4330 505 4386 pugnemus,
518 4314 585 4386 quad
598 4315 630 4368 ed
642 4329 772 4368 summam
783 4312 851 4368 haud
863 4315 973 4369 multum
985 4317 1103 4382 interest,
1120 4316 1171 4381 sic,
1188 4316 1298 4386 opinior,
1310 4317 1439 4388 explicare
1453 4319 1506 4370 ista

346 4415 493 4470 possumus.
527 4401 593 4454 Cum
605 4397 655 4455 duo
667 4399 736 4470 apud
747 4405 846 4455 veteres
858 4408 945 4456 esseut
950 4440 958 4470 ,
975 4407 1005 4456 ut
1021 4407 1098 4456 antea
1111 4397 1257 4468 acaunus,
1272 4409 1439 4473 peccamus
1459 4417 1507 4474 ge·

346 4511 546 4527 Q

416 4570 441 4638 1)
458 4567 527 4624 Fert.
541 4565 571 4630 εἰς
584 4564 754 4645 coriopictae
