<?xml version="1.0" encoding="UTF-8"?>
<!DOCTYPE html PUBLIC "-//W3C//DTD XHTML 1.0 Transitional//EN"
    "http://www.w3.org/TR/xhtml1/DTD/xhtml1-transitional.dtd">
<html xmlns="http://www.w3.org/1999/xhtml" xml:lang="en" lang="en">
 <head>
  <title>
</title>
<meta http-equiv="Content-Type" content="text/html;charset=utf-8" />
  <meta name='ocr-system' content='tesseract 3.04.00' />
  <meta name='ocr-capabilities' content='ocr_page ocr_carea ocr_par ocr_line ocrx_word'/>
</head>
<body>
  <div class='ocr_page' id='page_1' title='image "./corporishaerese05oehlgoog_0219.png"; bbox 0 0 3162 5050; ppageno 0'>
   <div class='ocr_carea' id='block_1_1' title="bbox 317 320 393 378">
    <p class='ocr_par' dir='ltr' id='par_1_1' title="bbox 317 320 393 378">
     <span class='ocr_line' id='line_1_1' title="bbox 317 320 393 378; baseline 0.013 -1"><span class='ocrx_word' id='word_1_1' title='bbox 317 320 393 378; x_wconf 78' lang='lat' dir='ltr'>GOVI</span> 
     </span>
    </p>
   </div>
   <div class='ocr_carea' id='block_1_2' title="bbox 215 475 1572 4656">
    <p class='ocr_par' dir='ltr' id='par_1_2' title="bbox 311 475 1571 2169">
     <span class='ocr_line' id='line_1_2' title="bbox 314 475 1472 546; baseline -0.001 -17"><span class='ocrx_word' id='word_1_2' title='bbox 314 495 390 529; x_wconf 83' lang='lat' dir='ltr'>onam</span> <span class='ocrx_word' id='word_1_3' title='bbox 399 485 544 530; x_wconf 79' lang='lat' dir='ltr'>asaroton</span> <span class='ocrx_word' id='word_1_4' title='bbox 556 477 689 529; x_wconf 78' lang='lat' dir='ltr'>lunoensm</span> <span class='ocrx_word' id='word_1_5' title='bbox 697 477 1009 546; x_wconf 66' lang='lat' dir='ltr'>aelprofons&#39;ssacrnfies&#39;is</span> <span class='ocrx_word' id='word_1_6' title='bbox 1017 477 1176 540; x_wconf 80' lang='lat' dir='ltr'>daemonum,</span> <span class='ocrx_word' id='word_1_7' title='bbox 1188 477 1228 530; x_wconf 85' lang='lat' dir='ltr'>cel</span> <span class='ocrx_word' id='word_1_8' title='bbox 1237 479 1337 529; x_wconf 83' lang='lat' dir='ltr'>incesto</span> <span class='ocrx_word' id='word_1_9' title='bbox 1348 475 1472 528; x_wconf 69' lang='lat' dir='ltr'>limatius</span> 
     </span>
     <span class='ocr_line' id='line_1_3' title="bbox 311 560 1474 632; baseline 0.001 -19"><span class='ocrx_word' id='word_1_10' title='bbox 311 563 463 632; x_wconf 83' lang='lat' dir='ltr'>polluerint,</span> <span class='ocrx_word' id='word_1_11' title='bbox 476 561 581 614; x_wconf 84' lang='lat' dir='ltr'>statuit:</span> <span class='ocrx_word' id='word_1_12' title='bbox 610 561 642 613; x_wconf 89' lang='lat' dir='ltr'>Ut</span> <span class='ocrx_word' id='word_1_13' title='bbox 652 560 693 614; x_wconf 85' lang='lat' dir='ltr'>isis</span> <span class='ocrx_word' id='word_1_14' title='bbox 703 565 776 614; x_wconf 79' lang='lat' dir='ltr'>insto</span> <span class='ocrx_word' id='word_1_15' title='bbox 788 563 907 630; x_wconf 80' lang='lat' dir='ltr'>synodum</span> <span class='ocrx_word' id='word_1_16' title='bbox 919 561 1065 614; x_wconf 84' lang='lat' dir='ltr'>Nicoenors</span> <span class='ocrx_word' id='word_1_17' title='bbox 1082 565 1270 631; x_wconf 69' lang='lat' dir='ltr'>eomssnctions&#39;s</span> <span class='ocrx_word' id='word_1_18' title='bbox 1280 563 1380 632; x_wconf 80' lang='lat' dir='ltr'>quidem</span> <span class='ocrx_word' id='word_1_19' title='bbox 1392 563 1474 614; x_wconf 72' lang='lat' dir='ltr'>nans</span> 
     </span>
     <span class='ocr_line' id='line_1_4' title="bbox 316 647 1473 716; baseline 0.002 -18"><span class='ocrx_word' id='word_1_20' title='bbox 316 665 365 700; x_wconf 90' lang='lat' dir='ltr'>non</span> <span class='ocrx_word' id='word_1_21' title='bbox 382 656 492 714; x_wconf 66' lang='lat' dir='ltr'>necetur,</span> <span class='ocrx_word' id='word_1_22' title='bbox 510 665 541 699; x_wconf 90' lang='lat' dir='ltr'>ne</span> <span class='ocrx_word' id='word_1_23' title='bbox 557 647 701 715; x_wconf 72' lang='lat' dir='ltr'>infelicibus</span> <span class='ocrx_word' id='word_1_24' title='bbox 718 647 852 714; x_wconf 75' lang='lat' dir='ltr'>lucrymis,</span> <span class='ocrx_word' id='word_1_25' title='bbox 872 647 913 699; x_wconf 81' lang='lat' dir='ltr'>nel</span> <span class='ocrx_word' id='word_1_26' title='bbox 928 648 1017 700; x_wconf 87' lang='lat' dir='ltr'>solatii</span> <span class='ocrx_word' id='word_1_27' title='bbox 1032 654 1114 700; x_wconf 84' lang='lat' dir='ltr'>iorsua</span> <span class='ocrx_word' id='word_1_28' title='bbox 1135 649 1311 716; x_wconf 67' lang='lat' dir='ltr'>desperatione</span> <span class='ocrx_word' id='word_1_29' title='bbox 1332 648 1473 709; x_wconf 70' lang='lat' dir='ltr'>claudatur,</span> 
     </span>
     <span class='ocr_line' id='line_1_5' title="bbox 316 735 1473 802; baseline -0.001 -17"><span class='ocrx_word' id='word_1_30' title='bbox 316 737 403 786; x_wconf 82' lang='lat' dir='ltr'>acturi</span> <span class='ocrx_word' id='word_1_31' title='bbox 413 749 473 784; x_wconf 83' lang='lat' dir='ltr'>uero</span> <span class='ocrx_word' id='word_1_32' title='bbox 481 735 662 801; x_wconf 83' lang='lat' dir='ltr'>poenitentiam</span> <span class='ocrx_word' id='word_1_33' title='bbox 673 749 749 802; x_wconf 76' lang='lat' dir='ltr'>nsque</span> <span class='ocrx_word' id='word_1_34' title='bbox 760 736 788 784; x_wconf 86' lang='lat' dir='ltr'>in</span> <span class='ocrx_word' id='word_1_35' title='bbox 800 735 865 784; x_wconf 82' lang='lat' dir='ltr'>diem</span> <span class='ocrx_word' id='word_1_36' title='bbox 876 736 975 796; x_wconf 84' lang='lat' dir='ltr'>rnortr&#39;s,</span> <span class='ocrx_word' id='word_1_37' title='bbox 989 751 1037 785; x_wconf 87' lang='lat' dir='ltr'>non</span> <span class='ocrx_word' id='word_1_38' title='bbox 1048 737 1102 784; x_wconf 87' lang='lat' dir='ltr'>eine</span> <span class='ocrx_word' id='word_1_39' title='bbox 1113 750 1158 793; x_wconf 81' lang='lat' dir='ltr'>spe</span> <span class='ocrx_word' id='word_1_40' title='bbox 1170 741 1253 785; x_wconf 83' lang='lat' dir='ltr'>tomen</span> <span class='ocrx_word' id='word_1_41' title='bbox 1264 736 1422 786; x_wconf 68' lang='lat' dir='ltr'>remmsions&#39;s</span> <span class='ocrx_word' id='word_1_42' title='bbox 1432 741 1473 784; x_wconf 88' lang='lat' dir='ltr'>etc.</span> 
     </span>
     <span class='ocr_line' id='line_1_6' title="bbox 315 815 1473 886; baseline 0.001 -17"><span class='ocrx_word' id='word_1_43' title='bbox 315 817 346 870; x_wconf 93' lang='lat' dir='ltr'>ln</span> <span class='ocrx_word' id='word_1_44' title='bbox 357 833 409 886; x_wconf 91' lang='lat' dir='ltr'>quo</span> <span class='ocrx_word' id='word_1_45' title='bbox 421 817 517 870; x_wconf 72' lang='lat' dir='ltr'>mnam</span> <span class='ocrx_word' id='word_1_46' title='bbox 533 823 584 882; x_wconf 89' lang='lat' dir='ltr'>est,</span> <span class='ocrx_word' id='word_1_47' title='bbox 601 833 660 870; x_wconf 91' lang='lat' dir='ltr'>cum</span> <span class='ocrx_word' id='word_1_48' title='bbox 675 817 806 870; x_wconf 87' lang='lat' dir='ltr'>Nicaenns</span> <span class='ocrx_word' id='word_1_49' title='bbox 820 815 910 870; x_wconf 81' lang='lat' dir='ltr'>Canon</span> <span class='ocrx_word' id='word_1_50' title='bbox 921 835 957 872; x_wconf 83' lang='lat' dir='ltr'>rr.</span> <span class='ocrx_word' id='word_1_51' title='bbox 972 817 1121 870; x_wconf 89' lang='lat' dir='ltr'>eorumdem</span> <span class='ocrx_word' id='word_1_52' title='bbox 1132 833 1190 870; x_wconf 89' lang='lat' dir='ltr'>reos</span> <span class='ocrx_word' id='word_1_53' title='bbox 1202 818 1329 872; x_wconf 82' lang='lat' dir='ltr'>scelerum</span> <span class='ocrx_word' id='word_1_54' title='bbox 1341 815 1473 871; x_wconf 78' lang='lat' dir='ltr'>duodedm</span> 
     </span>
     <span class='ocr_line' id='line_1_7' title="bbox 316 899 1569 974; baseline -0.001 -18"><span class='ocrx_word' id='word_1_55' title='bbox 316 902 391 956; x_wconf 87' lang='lat' dir='ltr'>annis</span> <span class='ocrx_word' id='word_1_56' title='bbox 403 899 532 956; x_wconf 75' lang='lat' dir='ltr'><strong>duntaxat</strong></span> <span class='ocrx_word' id='word_1_57' title='bbox 542 902 692 956; x_wconf 71' lang='lat' dir='ltr'>satisfacere</span> <span class='ocrx_word' id='word_1_58' title='bbox 702 901 804 966; x_wconf 88' lang='lat' dir='ltr'>iubeat,</span> <span class='ocrx_word' id='word_1_59' title='bbox 821 908 899 972; x_wconf 88' lang='lat' dir='ltr'>atque</span> <span class='ocrx_word' id='word_1_60' title='bbox 910 903 947 954; x_wconf 85' lang='lat' dir='ltr'>ita</span> <span class='ocrx_word' id='word_1_61' title='bbox 958 903 1132 966; x_wconf 87' lang='lat' dir='ltr'>reconciliari,</span> <span class='ocrx_word' id='word_1_62' title='bbox 1145 903 1296 956; x_wconf 68' lang='lat' dir='ltr'><strong>Valentinos</strong></span> <span class='ocrx_word' id='word_1_63' title='bbox 1312 903 1372 957; x_wconf 89' lang='lat' dir='ltr'>illos</span> <span class='ocrx_word' id='word_1_64' title='bbox 1384 909 1474 974; x_wconf 84' lang='lat' dir='ltr'>patres,</span> <span class='ocrx_word' id='word_1_65' title='bbox 1568 929 1569 938; x_wconf 32' lang='grc' dir='ltr'><strong>ι</strong></span> 
     </span>
     <span class='ocr_line' id='line_1_8' title="bbox 316 986 1473 1058; baseline 0 -18"><span class='ocrx_word' id='word_1_66' title='bbox 316 987 361 1057; x_wconf 87' lang='lat' dir='ltr'>qui</span> <span class='ocrx_word' id='word_1_67' title='bbox 372 1002 400 1040; x_wconf 87' lang='lat' dir='ltr'>so</span> <span class='ocrx_word' id='word_1_68' title='bbox 409 986 549 1040; x_wconf 87' lang='lat' dir='ltr'>Nicaensm</span> <span class='ocrx_word' id='word_1_69' title='bbox 561 987 691 1058; x_wconf 73' lang='lat' dir='ltr'>synodum</span> <span class='ocrx_word' id='word_1_70' title='bbox 702 989 777 1058; x_wconf 89' lang='lat' dir='ltr'>sequi</span> <span class='ocrx_word' id='word_1_71' title='bbox 788 987 950 1057; x_wconf 85' lang='lat' dir='ltr'>profitentur,</span> <span class='ocrx_word' id='word_1_72' title='bbox 962 995 1034 1041; x_wconf 91' lang='lat' dir='ltr'>tauto</span> <span class='ocrx_word' id='word_1_73' title='bbox 1046 987 1182 1058; x_wconf 75' lang='lat' dir='ltr'>rigidiores</span> <span class='ocrx_word' id='word_1_74' title='bbox 1194 1003 1225 1041; x_wconf 88' lang='lat' dir='ltr'>ac</span> <span class='ocrx_word' id='word_1_75' title='bbox 1235 989 1380 1042; x_wconf 67' lang='lat' dir='ltr'>severiores</span> <span class='ocrx_word' id='word_1_76' title='bbox 1389 988 1473 1042; x_wconf 81' lang='lat' dir='ltr'>lutare</span> 
     </span>
     <span class='ocr_line' id='line_1_9' title="bbox 314 1071 1475 1144; baseline 0 -18"><span class='ocrx_word' id='word_1_77' title='bbox 314 1073 355 1126; x_wconf 79' lang='lat' dir='ltr'>Ad</span> <span class='ocrx_word' id='word_1_78' title='bbox 372 1071 436 1126; x_wconf 89' lang='lat' dir='ltr'>haec</span> <span class='ocrx_word' id='word_1_79' title='bbox 451 1074 479 1126; x_wconf 90' lang='lat' dir='ltr'>in</span> <span class='ocrx_word' id='word_1_80' title='bbox 496 1073 596 1142; x_wconf 77' lang='lat' dir='ltr'>synodo</span> <span class='ocrx_word' id='word_1_81' title='bbox 618 1089 685 1144; x_wconf 89' lang='lat' dir='ltr'>quae</span> <span class='ocrx_word' id='word_1_82' title='bbox 703 1072 764 1126; x_wconf 84' lang='lat' dir='ltr'>Side</span> <span class='ocrx_word' id='word_1_83' title='bbox 779 1073 806 1126; x_wconf 92' lang='lat' dir='ltr'>iu</span> <span class='ocrx_word' id='word_1_84' title='bbox 823 1072 976 1144; x_wconf 81' lang='lat' dir='ltr'>Pamphylia</span> <span class='ocrx_word' id='word_1_85' title='bbox 992 1079 1083 1127; x_wconf 88' lang='lat' dir='ltr'>contra</span> <span class='ocrx_word' id='word_1_86' title='bbox 1097 1073 1270 1127; x_wconf 59' lang='lat' dir='ltr'>hrabanus</span> <span class='ocrx_word' id='word_1_87' title='bbox 1282 1073 1373 1128; x_wconf 83' lang='lat' dir='ltr'>habits</span> <span class='ocrx_word' id='word_1_88' title='bbox 1384 1074 1475 1144; x_wconf 81' lang='lat' dir='ltr'>legitur</span> 
     </span>
     <span class='ocr_line' id='line_1_10' title="bbox 316 1157 1474 1230; baseline 0.001 -19"><span class='ocrx_word' id='word_1_89' title='bbox 316 1159 385 1230; x_wconf 91' lang='lat' dir='ltr'>apud</span> <span class='ocrx_word' id='word_1_90' title='bbox 396 1157 517 1212; x_wconf 88' lang='lat' dir='ltr'>Photium</span> <span class='ocrx_word' id='word_1_91' title='bbox 533 1175 560 1228; x_wconf 88' lang='lat' dir='ltr'>p.</span> <span class='ocrx_word' id='word_1_92' title='bbox 573 1177 648 1214; x_wconf 80' lang='lat' dir='ltr'>nrm.</span> <span class='ocrx_word' id='word_1_93' title='bbox 660 1158 791 1212; x_wconf 89' lang='lat' dir='ltr'>decretum</span> <span class='ocrx_word' id='word_1_94' title='bbox 804 1165 855 1224; x_wconf 88' lang='lat' dir='ltr'>est,</span> <span class='ocrx_word' id='word_1_95' title='bbox 871 1166 901 1212; x_wconf 91' lang='lat' dir='ltr'>ut</span> <span class='ocrx_word' id='word_1_96' title='bbox 916 1159 1034 1228; x_wconf 87' lang='lat' dir='ltr'>quisquis</span> <span class='ocrx_word' id='word_1_97' title='bbox 1046 1165 1107 1229; x_wconf 89' lang='lat' dir='ltr'>post</span> <span class='ocrx_word' id='word_1_98' title='bbox 1118 1159 1267 1212; x_wconf 74' lang='lat' dir='ltr'>demnatum</span> <span class='ocrx_word' id='word_1_99' title='bbox 1278 1157 1346 1212; x_wconf 84' lang='lat' dir='ltr'>hane</span> <span class='ocrx_word' id='word_1_100' title='bbox 1357 1158 1474 1212; x_wconf 68' lang='lat' dir='ltr'>barasto</span> 
     </span>
     <span class='ocr_line' id='line_1_11' title="bbox 315 1243 1474 1314; baseline 0 -18"><span class='ocrx_word' id='word_1_101' title='bbox 315 1260 363 1298; x_wconf 91' lang='lat' dir='ltr'>seu</span> <span class='ocrx_word' id='word_1_102' title='bbox 374 1245 460 1298; x_wconf 79' lang='lat' dir='ltr'>verbis</span> <span class='ocrx_word' id='word_1_103' title='bbox 471 1259 519 1296; x_wconf 90' lang='lat' dir='ltr'>seu</span> <span class='ocrx_word' id='word_1_104' title='bbox 529 1243 605 1298; x_wconf 83' lang='lat' dir='ltr'>iactis</span> <span class='ocrx_word' id='word_1_105' title='bbox 617 1245 774 1314; x_wconf 73' lang='lat' dir='ltr'>contagione</span> <span class='ocrx_word' id='word_1_106' title='bbox 785 1245 854 1298; x_wconf 85' lang='lat' dir='ltr'>illiue</span> <span class='ocrx_word' id='word_1_107' title='bbox 866 1243 990 1298; x_wconf 88' lang='lat' dir='ltr'>iniectum</span> <span class='ocrx_word' id='word_1_108' title='bbox 1007 1259 1035 1296; x_wconf 88' lang='lat' dir='ltr'>se</span> <span class='ocrx_word' id='word_1_109' title='bbox 1053 1261 1110 1297; x_wconf 86' lang='lat' dir='ltr'>esse</span> <span class='ocrx_word' id='word_1_110' title='bbox 1127 1244 1279 1314; x_wconf 83' lang='lat' dir='ltr'>prodiderit,</span> <span class='ocrx_word' id='word_1_111' title='bbox 1296 1259 1434 1314; x_wconf 84' lang='lat' dir='ltr'>nunquam</span> <span class='ocrx_word' id='word_1_112' title='bbox 1450 1245 1474 1296; x_wconf 91' lang='lat' dir='ltr'>in</span> 
     </span>
     <span class='ocr_line' id='line_1_12' title="bbox 315 1329 1475 1400; baseline 0.002 -18"><span class='ocrx_word' id='word_1_113' title='bbox 315 1335 448 1400; x_wconf 74' lang='lat' dir='ltr'>porterum</span> <span class='ocrx_word' id='word_1_114' title='bbox 460 1329 619 1394; x_wconf 73' lang='lat' dir='ltr'>admittetur,</span> <span class='ocrx_word' id='word_1_115' title='bbox 630 1331 750 1400; x_wconf 78' lang='lat' dir='ltr'>quamvis</span> <span class='ocrx_word' id='word_1_116' title='bbox 762 1330 855 1383; x_wconf 82' lang='lat' dir='ltr'>millies</span> <span class='ocrx_word' id='word_1_117' title='bbox 867 1345 896 1382; x_wconf 88' lang='lat' dir='ltr'>se</span> <span class='ocrx_word' id='word_1_118' title='bbox 907 1331 1095 1400; x_wconf 88' lang='lat' dir='ltr'>poenitentium</span> <span class='ocrx_word' id='word_1_119' title='bbox 1105 1329 1201 1400; x_wconf 76' lang='lat' dir='ltr'>gradus</span> <span class='ocrx_word' id='word_1_120' title='bbox 1211 1347 1302 1384; x_wconf 91' lang='lat' dir='ltr'>omnes</span> <span class='ocrx_word' id='word_1_121' title='bbox 1311 1329 1475 1400; x_wconf 80' lang='lat' dir='ltr'>expleturum</span> 
     </span>
     <span class='ocr_line' id='line_1_13' title="bbox 315 1405 1570 1486; baseline -0.002 -18"><span class='ocrx_word' id='word_1_122' title='bbox 315 1415 462 1484; x_wconf 82' lang='lat' dir='ltr'>promittet:</span> <span class='ocrx_word' id='word_1_123' title='bbox 483 1413 569 1484; x_wconf 71' lang='lat' dir='ltr'>puniri</span> <span class='ocrx_word' id='word_1_124' title='bbox 580 1415 667 1466; x_wconf 66' lang='grc' dir='ltr'><strong>λοιπὸν</strong></span> <span class='ocrx_word' id='word_1_125' title='bbox 681 1414 766 1485; x_wconf 78' lang='grc' dir='ltr'>χώραν</span> <span class='ocrx_word' id='word_1_126' title='bbox 778 1412 849 1485; x_wconf 77' lang='grc' dir='ltr'><strong>ἔχειν,</strong></span> <span class='ocrx_word' id='word_1_127' title='bbox 862 1412 920 1484; x_wconf 81' lang='grc' dir='ltr'>μηδ’</span> <span class='ocrx_word' id='word_1_128' title='bbox 933 1415 962 1466; x_wconf 80' lang='grc' dir='ltr'>ἂν</span> <span class='ocrx_word' id='word_1_129' title='bbox 974 1413 1083 1485; x_wconf 72' lang='grc' dir='ltr'><strong>μυριάκις</strong></span> <span class='ocrx_word' id='word_1_130' title='bbox 1095 1413 1274 1486; x_wconf 54' lang='lat' dir='ltr'>insultarat,</span> <span class='ocrx_word' id='word_1_131' title='bbox 1286 1413 1330 1482; x_wconf 75' lang='grc' dir='ltr'>τὴν</span> <span class='ocrx_word' id='word_1_132' title='bbox 1342 1413 1409 1476; x_wconf 74' lang='grc' dir='ltr'><strong>τάξιν</strong></span> <span class='ocrx_word' id='word_1_133' title='bbox 1421 1412 1475 1466; x_wconf 80' lang='lat' dir='ltr'>risa·</span> <span class='ocrx_word' id='word_1_134' title='bbox 1569 1405 1570 1454; x_wconf 66' lang='grc' dir='ltr'>Ῐ</span> 
     </span>
     <span class='ocr_line' id='line_1_14' title="bbox 315 1497 1475 1571; baseline 0.002 -19"><span class='ocrx_word' id='word_1_135' title='bbox 315 1499 484 1571; x_wconf 63' lang='lat' dir='ltr'>reimpetrata</span> <span class='ocrx_word' id='word_1_136' title='bbox 498 1499 689 1568; x_wconf 73' lang='grc' dir='ltr'>μετανοούντων.</span> <span class='ocrx_word' id='word_1_137' title='bbox 708 1500 752 1554; x_wconf 84' lang='lat' dir='ltr'>Sic</span> <span class='ocrx_word' id='word_1_138' title='bbox 764 1499 833 1571; x_wconf 89' lang='lat' dir='ltr'>apud</span> <span class='ocrx_word' id='word_1_139' title='bbox 844 1500 986 1554; x_wconf 76' lang='lat' dir='ltr'>Eusebium</span> <span class='ocrx_word' id='word_1_140' title='bbox 998 1501 1055 1556; x_wconf 80' lang='lat' dir='ltr'>ivr.</span> <span class='ocrx_word' id='word_1_141' title='bbox 1069 1501 1133 1554; x_wconf 85' lang='lat' dir='ltr'>Hist.</span> <span class='ocrx_word' id='word_1_142' title='bbox 1146 1500 1215 1554; x_wconf 83' lang='lat' dir='ltr'>Eccl.</span> <span class='ocrx_word' id='word_1_143' title='bbox 1228 1517 1250 1554; x_wconf 92' lang='lat' dir='ltr'>c.</span> <span class='ocrx_word' id='word_1_144' title='bbox 1261 1497 1312 1570; x_wconf 82' lang='grc' dir='ltr'>μβ’,</span> <span class='ocrx_word' id='word_1_145' title='bbox 1324 1501 1367 1554; x_wconf 82' lang='lat' dir='ltr'>rel</span> <span class='ocrx_word' id='word_1_146' title='bbox 1378 1519 1475 1565; x_wconf 76' lang='lat' dir='ltr'>asser,</span> 
     </span>
     <span class='ocr_line' id='line_1_15' title="bbox 316 1584 1475 1657; baseline -0.002 -17"><span class='ocrx_word' id='word_1_147' title='bbox 316 1584 442 1656; x_wconf 83' lang='lat' dir='ltr'>Serapion</span> <span class='ocrx_word' id='word_1_148' title='bbox 458 1601 540 1638; x_wconf 85' lang='lat' dir='ltr'>senex</span> <span class='ocrx_word' id='word_1_149' title='bbox 551 1587 591 1639; x_wconf 82' lang='lat' dir='ltr'>nir</span> <span class='ocrx_word' id='word_1_150' title='bbox 608 1587 743 1657; x_wconf 78' lang='lat' dir='ltr'>egregius,</span> <span class='ocrx_word' id='word_1_151' title='bbox 760 1585 830 1657; x_wconf 86' lang='lat' dir='ltr'>quod</span> <span class='ocrx_word' id='word_1_152' title='bbox 846 1586 874 1639; x_wconf 90' lang='lat' dir='ltr'>in</span> <span class='ocrx_word' id='word_1_153' title='bbox 890 1587 1068 1656; x_wconf 87' lang='lat' dir='ltr'>persecutione</span> <span class='ocrx_word' id='word_1_154' title='bbox 1080 1587 1169 1656; x_wconf 88' lang='lat' dir='ltr'>lapsus</span> <span class='ocrx_word' id='word_1_155' title='bbox 1186 1591 1268 1652; x_wconf 88' lang='lat' dir='ltr'>esset,</span> <span class='ocrx_word' id='word_1_156' title='bbox 1285 1585 1392 1640; x_wconf 77' lang='lat' dir='ltr'>mmetsi</span> <span class='ocrx_word' id='word_1_157' title='bbox 1408 1601 1475 1639; x_wconf 90' lang='lat' dir='ltr'>com·</span> 
     </span>
     <span class='ocr_line' id='line_1_16' title="bbox 315 1665 1474 1742; baseline -0.001 -18"><span class='ocrx_word' id='word_1_158' title='bbox 315 1671 466 1726; x_wconf 84' lang='lat' dir='ltr'>munionem</span> <span class='ocrx_word' id='word_1_159' title='bbox 477 1687 601 1742; x_wconf 72' lang='lat' dir='ltr'>persaepe</span> <span class='ocrx_word' id='word_1_160' title='bbox 611 1673 784 1742; x_wconf 88' lang='lat' dir='ltr'>postulasset,</span> <span class='ocrx_word' id='word_1_161' title='bbox 794 1687 929 1741; x_wconf 89' lang='lat' dir='ltr'>nunquam</span> <span class='ocrx_word' id='word_1_162' title='bbox 942 1677 982 1724; x_wconf 85' lang='lat' dir='ltr'>eat</span> <span class='ocrx_word' id='word_1_163' title='bbox 992 1671 1132 1724; x_wconf 88' lang='lat' dir='ltr'>admissas.</span> <span class='ocrx_word' id='word_1_164' title='bbox 1167 1665 1246 1732; x_wconf 77' lang='grc' dir='ltr'>Οὗτος</span> <span class='ocrx_word' id='word_1_165' title='bbox 1258 1669 1379 1733; x_wconf 74' lang='grc' dir='ltr'>πολλάκις</span> <span class='ocrx_word' id='word_1_166' title='bbox 1392 1669 1474 1738; x_wconf 73' lang='lat' dir='ltr'>listro,</span> 
     </span>
     <span class='ocr_line' id='line_1_17' title="bbox 316 1753 1475 1828; baseline 0.001 -20"><span class='ocrx_word' id='word_1_167' title='bbox 316 1755 356 1808; x_wconf 77' lang='lat' dir='ltr'>rai</span> <span class='ocrx_word' id='word_1_168' title='bbox 367 1755 444 1818; x_wconf 74' lang='lat' dir='ltr'>oibslr</span> <span class='ocrx_word' id='word_1_169' title='bbox 456 1760 586 1827; x_wconf 78' lang='grc' dir='ltr'><strong>προσεῖχεν</strong></span> <span class='ocrx_word' id='word_1_170' title='bbox 598 1755 680 1827; x_wconf 76' lang='grc' dir='ltr'><strong>αὐτῷ,</strong></span> <span class='ocrx_word' id='word_1_171' title='bbox 693 1757 733 1808; x_wconf 82' lang='lat' dir='ltr'>rai</span> <span class='ocrx_word' id='word_1_172' title='bbox 745 1753 792 1828; x_wconf 69' lang='grc' dir='ltr'>γὰρ</span> <span class='ocrx_word' id='word_1_173' title='bbox 804 1754 919 1808; x_wconf 73' lang='lat' dir='ltr'>inclina:</span> <span class='ocrx_word' id='word_1_174' title='bbox 933 1763 962 1808; x_wconf 91' lang='lat' dir='ltr'>nt</span> <span class='ocrx_word' id='word_1_175' title='bbox 973 1756 1005 1808; x_wconf 84' lang='lat' dir='ltr'>ad</span> <span class='ocrx_word' id='word_1_176' title='bbox 1016 1757 1127 1810; x_wconf 80' lang='lat' dir='ltr'>Fabium</span> <span class='ocrx_word' id='word_1_177' title='bbox 1139 1757 1229 1810; x_wconf 84' lang='lat' dir='ltr'>scribit</span> <span class='ocrx_word' id='word_1_178' title='bbox 1240 1756 1382 1826; x_wconf 74' lang='lat' dir='ltr'>Dionysius</span> <span class='ocrx_word' id='word_1_179' title='bbox 1394 1759 1475 1820; x_wconf 80' lang='lat' dir='ltr'>Alex,</span> 
     </span>
     <span class='ocr_line' id='line_1_18' title="bbox 315 1839 1571 1913; baseline 0 -19"><span class='ocrx_word' id='word_1_180' title='bbox 315 1843 361 1912; x_wconf 90' lang='lat' dir='ltr'>qui</span> <span class='ocrx_word' id='word_1_181' title='bbox 376 1841 527 1908; x_wconf 80' lang='lat' dir='ltr'>Norstisni,</span> <span class='ocrx_word' id='word_1_182' title='bbox 544 1843 661 1912; x_wconf 67' lang='lat' dir='ltr'>meoque</span> <span class='ocrx_word' id='word_1_183' title='bbox 679 1842 801 1913; x_wconf 83' lang='lat' dir='ltr'>Cypriani</span> <span class='ocrx_word' id='word_1_184' title='bbox 818 1847 902 1894; x_wconf 86' lang='lat' dir='ltr'>aetate</span> <span class='ocrx_word' id='word_1_185' title='bbox 920 1839 1015 1896; x_wconf 80' lang='lat' dir='ltr'>floruit</span> <span class='ocrx_word' id='word_1_186' title='bbox 1050 1842 1128 1895; x_wconf 84' lang='lat' dir='ltr'>Addit</span> <span class='ocrx_word' id='word_1_187' title='bbox 1146 1843 1315 1896; x_wconf 86' lang='lat' dir='ltr'>nihilominus</span> <span class='ocrx_word' id='word_1_188' title='bbox 1335 1842 1474 1912; x_wconf 78' lang='lat' dir='ltr'>Dionysius</span> <span class='ocrx_word' id='word_1_189' title='bbox 1570 1869 1571 1884; x_wconf 54' lang='grc' dir='ltr'><strong>ι</strong></span> 
     </span>
     <span class='ocr_line' id='line_1_19' title="bbox 314 1927 1571 2000; baseline -0.001 -19"><span class='ocrx_word' id='word_1_190' title='bbox 314 1928 499 1982; x_wconf 87' lang='lat' dir='ltr'>moribundum</span> <span class='ocrx_word' id='word_1_191' title='bbox 509 1929 562 1980; x_wconf 87' lang='lat' dir='ltr'>ism</span> <span class='ocrx_word' id='word_1_192' title='bbox 575 1927 744 1998; x_wconf 79' lang='lat' dir='ltr'>Serapionem</span> <span class='ocrx_word' id='word_1_193' title='bbox 755 1943 771 1980; x_wconf 85' lang='lat' dir='ltr'>a</span> <span class='ocrx_word' id='word_1_194' title='bbox 783 1944 810 1980; x_wconf 93' lang='lat' dir='ltr'>se</span> <span class='ocrx_word' id='word_1_195' title='bbox 821 1928 849 1980; x_wconf 89' lang='lat' dir='ltr'>in</span> <span class='ocrx_word' id='word_1_196' title='bbox 861 1929 1071 1981; x_wconf 88' lang='lat' dir='ltr'>communionem</span> <span class='ocrx_word' id='word_1_197' title='bbox 1082 1933 1223 2000; x_wconf 88' lang='lat' dir='ltr'>receptum.</span> <span class='ocrx_word' id='word_1_198' title='bbox 1251 1928 1321 1982; x_wconf 84' lang='lat' dir='ltr'>llaec</span> <span class='ocrx_word' id='word_1_199' title='bbox 1333 1929 1424 1982; x_wconf 79' lang='lat' dir='ltr'>etalio</span> <span class='ocrx_word' id='word_1_200' title='bbox 1435 1945 1475 1980; x_wconf 84' lang='lat' dir='ltr'>sn·</span> <span class='ocrx_word' id='word_1_201' title='bbox 1570 1991 1571 1996; x_wconf 9' lang='grc' dir='ltr'><strong>Ἰ</strong></span> 
     </span>
     <span class='ocr_line' id='line_1_20' title="bbox 314 2013 1474 2084; baseline 0 -18"><span class='ocrx_word' id='word_1_202' title='bbox 314 2015 401 2084; x_wconf 85' lang='lat' dir='ltr'>parius</span> <span class='ocrx_word' id='word_1_203' title='bbox 412 2031 445 2066; x_wconf 82' lang='lat' dir='ltr'>err</span> <span class='ocrx_word' id='word_1_204' title='bbox 458 2014 634 2083; x_wconf 84' lang='lat' dir='ltr'>antiquiorum</span> <span class='ocrx_word' id='word_1_205' title='bbox 646 2014 782 2066; x_wconf 86' lang='lat' dir='ltr'>autoritate</span> <span class='ocrx_word' id='word_1_206' title='bbox 794 2013 876 2066; x_wconf 87' lang='lat' dir='ltr'>libata</span> <span class='ocrx_word' id='word_1_207' title='bbox 886 2013 994 2083; x_wconf 90' lang='lat' dir='ltr'>planum</span> <span class='ocrx_word' id='word_1_208' title='bbox 1010 2013 1081 2066; x_wconf 88' lang='lat' dir='ltr'>istud</span> <span class='ocrx_word' id='word_1_209' title='bbox 1096 2013 1207 2078; x_wconf 86' lang='lat' dir='ltr'>iaciunt,</span> <span class='ocrx_word' id='word_1_210' title='bbox 1223 2029 1416 2084; x_wconf 87' lang='lat' dir='ltr'>nonnunquam</span> <span class='ocrx_word' id='word_1_211' title='bbox 1432 2013 1474 2067; x_wconf 89' lang='lat' dir='ltr'>ab·</span> 
     </span>
     <span class='ocr_line' id='line_1_21' title="bbox 315 2097 1475 2169; baseline -0.002 -17"><span class='ocrx_word' id='word_1_212' title='bbox 315 2099 471 2152; x_wconf 82' lang='lat' dir='ltr'>solutionem</span> <span class='ocrx_word' id='word_1_213' title='bbox 483 2097 676 2168; x_wconf 78' lang='lat' dir='ltr'>postulantibus</span> <span class='ocrx_word' id='word_1_214' title='bbox 688 2115 721 2151; x_wconf 89' lang='lat' dir='ltr'>ex</span> <span class='ocrx_word' id='word_1_215' title='bbox 733 2113 784 2152; x_wconf 88' lang='lat' dir='ltr'>usu</span> <span class='ocrx_word' id='word_1_216' title='bbox 792 2099 887 2151; x_wconf 75' lang='lat' dir='ltr'>veteris</span> <span class='ocrx_word' id='word_1_217' title='bbox 900 2100 1025 2152; x_wconf 86' lang='lat' dir='ltr'>ecclesiae</span> <span class='ocrx_word' id='word_1_218' title='bbox 1034 2099 1190 2169; x_wconf 79' lang='lat' dir='ltr'>denegatam</span> <span class='ocrx_word' id='word_1_219' title='bbox 1200 2099 1294 2165; x_wconf 85' lang='lat' dir='ltr'>inisse,</span> <span class='ocrx_word' id='word_1_220' title='bbox 1305 2101 1360 2153; x_wconf 94' lang='lat' dir='ltr'>imo</span> <span class='ocrx_word' id='word_1_221' title='bbox 1370 2115 1433 2154; x_wconf 83' lang='lat' dir='ltr'>raro</span> <span class='ocrx_word' id='word_1_222' title='bbox 1443 2113 1475 2151; x_wconf 90' lang='lat' dir='ltr'>ne</span> 
     </span>
    </p>

    <p class='ocr_par' dir='ltr' id='par_1_3' title="bbox 215 2183 1572 4656">
     <span class='ocr_line' id='line_1_22' title="bbox 215 2183 1474 2258; baseline 0 -21"><span class='ocrx_word' id='word_1_223' title='bbox 215 2217 237 2258; x_wconf 65' lang='lat'>9,</span> <span class='ocrx_word' id='word_1_224' title='bbox 245 2205 289 2249; x_wconf 50' lang='grc' dir='ltr'><strong>ιιι</strong></span> <span class='ocrx_word' id='word_1_225' title='bbox 314 2184 342 2238; x_wconf 90' lang='lat' dir='ltr'>iu</span> <span class='ocrx_word' id='word_1_226' title='bbox 353 2185 411 2253; x_wconf 83' lang='lat' dir='ltr'>ipso</span> <span class='ocrx_word' id='word_1_227' title='bbox 423 2183 529 2253; x_wconf 88' lang='lat' dir='ltr'>quidem</span> <span class='ocrx_word' id='word_1_228' title='bbox 539 2183 629 2236; x_wconf 88' lang='lat' dir='ltr'>mortis</span> <span class='ocrx_word' id='word_1_229' title='bbox 641 2184 756 2254; x_wconf 90' lang='lat' dir='ltr'>periculo</span> <span class='ocrx_word' id='word_1_230' title='bbox 767 2183 897 2254; x_wconf 86' lang='lat' dir='ltr'>plerisque</span> <span class='ocrx_word' id='word_1_231' title='bbox 909 2200 1068 2238; x_wconf 87' lang='lat' dir='ltr'>concessam.</span> <span class='ocrx_word' id='word_1_232' title='bbox 1102 2185 1151 2238; x_wconf 82' lang='lat' dir='ltr'>llic</span> <span class='ocrx_word' id='word_1_233' title='bbox 1166 2185 1242 2238; x_wconf 86' lang='lat' dir='ltr'>iustis</span> <span class='ocrx_word' id='word_1_234' title='bbox 1259 2185 1292 2238; x_wconf 88' lang='lat' dir='ltr'>de</span> <span class='ocrx_word' id='word_1_235' title='bbox 1308 2185 1411 2239; x_wconf 85' lang='lat' dir='ltr'>caussis</span> <span class='ocrx_word' id='word_1_236' title='bbox 1423 2201 1474 2237; x_wconf 91' lang='lat' dir='ltr'>sur·</span> 
     </span>
     <span class='ocr_line' id='line_1_23' title="bbox 314 2269 1474 2342; baseline 0 -20"><span class='ocrx_word' id='word_1_237' title='bbox 314 2269 421 2340; x_wconf 76' lang='lat' dir='ltr'>bigitur,</span> <span class='ocrx_word' id='word_1_238' title='bbox 432 2275 520 2322; x_wconf 81' lang='lat' dir='ltr'>utrum</span> <span class='ocrx_word' id='word_1_239' title='bbox 531 2269 673 2322; x_wconf 87' lang='lat' dir='ltr'>austeriore</span> <span class='ocrx_word' id='word_1_240' title='bbox 685 2269 729 2322; x_wconf 91' lang='lat' dir='ltr'>illo</span> <span class='ocrx_word' id='word_1_241' title='bbox 741 2269 895 2322; x_wconf 78' lang='lat' dir='ltr'>Tertulliani</span> <span class='ocrx_word' id='word_1_242' title='bbox 905 2270 1023 2340; x_wconf 87' lang='lat' dir='ltr'>saeculo,</span> <span class='ocrx_word' id='word_1_243' title='bbox 1041 2285 1092 2340; x_wconf 89' lang='lat' dir='ltr'>quo</span> <span class='ocrx_word' id='word_1_244' title='bbox 1108 2271 1221 2342; x_wconf 88' lang='lat' dir='ltr'>peccatis</span> <span class='ocrx_word' id='word_1_245' title='bbox 1233 2269 1391 2341; x_wconf 82' lang='lat' dir='ltr'>quibusdum</span> <span class='ocrx_word' id='word_1_246' title='bbox 1403 2287 1474 2341; x_wconf 89' lang='lat' dir='ltr'>spem</span> 
     </span>
     <span class='ocr_line' id='line_1_24' title="bbox 316 2353 1572 2426; baseline 0 -18"><span class='ocrx_word' id='word_1_247' title='bbox 316 2369 421 2408; x_wconf 91' lang='lat' dir='ltr'>omnem</span> <span class='ocrx_word' id='word_1_248' title='bbox 431 2353 634 2408; x_wconf 87' lang='lat' dir='ltr'>reconciliandae</span> <span class='ocrx_word' id='word_1_249' title='bbox 646 2355 746 2422; x_wconf 77' lang='lat' dir='ltr'>gratiae</span> <span class='ocrx_word' id='word_1_250' title='bbox 757 2361 919 2425; x_wconf 85' lang='lat' dir='ltr'>praereptam</span> <span class='ocrx_word' id='word_1_251' title='bbox 932 2355 1080 2422; x_wconf 90' lang='lat' dir='ltr'>docuimus,</span> <span class='ocrx_word' id='word_1_252' title='bbox 1098 2373 1131 2408; x_wconf 90' lang='lat' dir='ltr'>ne</span> <span class='ocrx_word' id='word_1_253' title='bbox 1147 2357 1175 2409; x_wconf 89' lang='lat' dir='ltr'>iu</span> <span class='ocrx_word' id='word_1_254' title='bbox 1192 2357 1261 2410; x_wconf 80' lang='lat' dir='ltr'>ritae</span> <span class='ocrx_word' id='word_1_255' title='bbox 1279 2355 1385 2426; x_wconf 88' lang='lat' dir='ltr'>quidem</span> <span class='ocrx_word' id='word_1_256' title='bbox 1403 2357 1474 2409; x_wconf 84' lang='lat' dir='ltr'>exitu</span> <span class='ocrx_word' id='word_1_257' title='bbox 1571 2355 1572 2370; x_wconf 65' lang='lat'>¹</span> 
     </span>
     <span class='ocr_line' id='line_1_25' title="bbox 314 2439 1474 2512; baseline 0 -18"><span class='ocrx_word' id='word_1_258' title='bbox 314 2445 509 2512; x_wconf 85' lang='lat' dir='ltr'>repraesentata</span> <span class='ocrx_word' id='word_1_259' title='bbox 519 2440 668 2493; x_wconf 88' lang='lat' dir='ltr'>communio</span> <span class='ocrx_word' id='word_1_260' title='bbox 679 2440 726 2506; x_wconf 89' lang='lat' dir='ltr'>sit,</span> <span class='ocrx_word' id='word_1_261' title='bbox 738 2439 814 2509; x_wconf 90' lang='lat' dir='ltr'>idque</span> <span class='ocrx_word' id='word_1_262' title='bbox 823 2440 904 2510; x_wconf 80' lang='lat' dir='ltr'>vulgo</span> <span class='ocrx_word' id='word_1_263' title='bbox 916 2455 946 2492; x_wconf 89' lang='lat' dir='ltr'>ao</span> <span class='ocrx_word' id='word_1_264' title='bbox 958 2441 1057 2511; x_wconf 81' lang='lat' dir='ltr'>passim</span> <span class='ocrx_word' id='word_1_265' title='bbox 1070 2442 1235 2496; x_wconf 78' lang='lat' dir='ltr'>observatum</span> <span class='ocrx_word' id='word_1_266' title='bbox 1246 2441 1334 2495; x_wconf 86' lang='lat' dir='ltr'>tuerit</span> <span class='ocrx_word' id='word_1_267' title='bbox 1352 2441 1422 2495; x_wconf 79' lang='lat' dir='ltr'>Sunt</span> <span class='ocrx_word' id='word_1_268' title='bbox 1432 2441 1474 2511; x_wconf 89' lang='lat' dir='ltr'>qni</span> 
     </span>
     <span class='ocr_line' id='line_1_26' title="bbox 315 2523 1476 2598; baseline 0.001 -18"><span class='ocrx_word' id='word_1_269' title='bbox 315 2532 376 2580; x_wconf 84' lang='lat' dir='ltr'>ante</span> <span class='ocrx_word' id='word_1_270' title='bbox 385 2525 508 2597; x_wconf 75' lang='lat' dir='ltr'>Cypriani</span> <span class='ocrx_word' id='word_1_271' title='bbox 519 2531 637 2596; x_wconf 89' lang='lat' dir='ltr'>tempora</span> <span class='ocrx_word' id='word_1_272' title='bbox 647 2541 747 2579; x_wconf 89' lang='lat' dir='ltr'>morem</span> <span class='ocrx_word' id='word_1_273' title='bbox 759 2523 828 2579; x_wconf 86' lang='lat' dir='ltr'>hanc</span> <span class='ocrx_word' id='word_1_274' title='bbox 838 2527 865 2578; x_wconf 88' lang='lat' dir='ltr'>iu</span> <span class='ocrx_word' id='word_1_275' title='bbox 877 2526 987 2579; x_wconf 86' lang='lat' dir='ltr'>ecclesia</span> <span class='ocrx_word' id='word_1_276' title='bbox 995 2526 1110 2596; x_wconf 83' lang='lat' dir='ltr'>riguisse</span> <span class='ocrx_word' id='word_1_277' title='bbox 1122 2533 1240 2592; x_wconf 88' lang='lat' dir='ltr'>censent;</span> <span class='ocrx_word' id='word_1_278' title='bbox 1252 2543 1305 2597; x_wconf 86' lang='lat' dir='ltr'>quo</span> <span class='ocrx_word' id='word_1_279' title='bbox 1317 2527 1436 2598; x_wconf 85' lang='lat' dir='ltr'>quidem,</span> <span class='ocrx_word' id='word_1_280' title='bbox 1448 2533 1476 2580; x_wconf 91' lang='lat' dir='ltr'>ut</span> 
     </span>
     <span class='ocr_line' id='line_1_27' title="bbox 314 2611 1476 2684; baseline -0.001 -18"><span class='ocrx_word' id='word_1_281' title='bbox 314 2614 429 2682; x_wconf 82' lang='lat' dir='ltr'>ingenue</span> <span class='ocrx_word' id='word_1_282' title='bbox 445 2611 575 2684; x_wconf 81' lang='lat' dir='ltr'>profitear,</span> <span class='ocrx_word' id='word_1_283' title='bbox 592 2611 745 2666; x_wconf 80' lang='lat' dir='ltr'>Tertulliani</span> <span class='ocrx_word' id='word_1_284' title='bbox 762 2626 792 2664; x_wconf 89' lang='lat' dir='ltr'>ac</span> <span class='ocrx_word' id='word_1_285' title='bbox 809 2612 968 2682; x_wconf 88' lang='lat' dir='ltr'>reliquorum</span> <span class='ocrx_word' id='word_1_286' title='bbox 984 2612 1029 2682; x_wconf 89' lang='lat' dir='ltr'>qui</span> <span class='ocrx_word' id='word_1_287' title='bbox 1045 2612 1197 2682; x_wconf 76' lang='lat' dir='ltr'>disciplinae</span> <span class='ocrx_word' id='word_1_288' title='bbox 1214 2613 1289 2666; x_wconf 80' lang='lat' dir='ltr'>istim</span> <span class='ocrx_word' id='word_1_289' title='bbox 1301 2613 1476 2668; x_wconf 86' lang='lat' dir='ltr'>meminerunt</span> 
     </span>
     <span class='ocr_line' id='line_1_28' title="bbox 313 2695 1475 2771; baseline 0 -19"><span class='ocrx_word' id='word_1_290' title='bbox 313 2699 483 2771; x_wconf 82' lang='lat' dir='ltr'>propensiora</span> <span class='ocrx_word' id='word_1_291' title='bbox 493 2697 722 2752; x_wconf 85' lang='lat' dir='ltr'>testimoniasuut</span> <span class='ocrx_word' id='word_1_292' title='bbox 757 2696 809 2750; x_wconf 84' lang='lat' dir='ltr'>Sed</span> <span class='ocrx_word' id='word_1_293' title='bbox 820 2702 847 2750; x_wconf 89' lang='lat' dir='ltr'>et</span> <span class='ocrx_word' id='word_1_294' title='bbox 857 2695 1016 2768; x_wconf 75' lang='lat' dir='ltr'>Cyprianus,</span> <span class='ocrx_word' id='word_1_295' title='bbox 1032 2699 1133 2767; x_wconf 85' lang='lat' dir='ltr'>quoties</span> <span class='ocrx_word' id='word_1_296' title='bbox 1150 2699 1263 2752; x_wconf 88' lang='lat' dir='ltr'>instante</span> <span class='ocrx_word' id='word_1_297' title='bbox 1275 2698 1347 2752; x_wconf 90' lang='lat' dir='ltr'>obitu</span> <span class='ocrx_word' id='word_1_298' title='bbox 1358 2713 1475 2752; x_wconf 73' lang='lat' dir='ltr'>commu</span> 
     </span>
     <span class='ocr_line' id='line_1_29' title="bbox 314 2782 1476 2856; baseline -0.003 -17"><span class='ocrx_word' id='word_1_299' title='bbox 314 2787 419 2840; x_wconf 88' lang='lat' dir='ltr'>nionem</span> <span class='ocrx_word' id='word_1_300' title='bbox 430 2785 512 2856; x_wconf 87' lang='lat' dir='ltr'>lapsis</span> <span class='ocrx_word' id='word_1_301' title='bbox 523 2783 649 2854; x_wconf 82' lang='lat' dir='ltr'>impartiri</span> <span class='ocrx_word' id='word_1_302' title='bbox 660 2782 798 2854; x_wconf 89' lang='lat' dir='ltr'>praecipit,</span> <span class='ocrx_word' id='word_1_303' title='bbox 812 2783 889 2836; x_wconf 88' lang='lat' dir='ltr'>tacite</span> <span class='ocrx_word' id='word_1_304' title='bbox 901 2782 1032 2853; x_wconf 83' lang='lat' dir='ltr'>significat</span> <span class='ocrx_word' id='word_1_305' title='bbox 1043 2799 1132 2836; x_wconf 89' lang='lat' dir='ltr'>recens</span> <span class='ocrx_word' id='word_1_306' title='bbox 1143 2783 1208 2838; x_wconf 87' lang='lat' dir='ltr'>illud</span> <span class='ocrx_word' id='word_1_307' title='bbox 1220 2799 1277 2838; x_wconf 88' lang='lat' dir='ltr'>esse</span> <span class='ocrx_word' id='word_1_308' title='bbox 1288 2783 1435 2850; x_wconf 89' lang='lat' dir='ltr'>decretum,</span> <span class='ocrx_word' id='word_1_309' title='bbox 1451 2791 1476 2836; x_wconf 92' lang='lat' dir='ltr'>et</span> 
     </span>
     <span class='ocr_line' id='line_1_30' title="bbox 314 2869 1476 2943; baseline 0 -19"><span class='ocrx_word' id='word_1_310' title='bbox 314 2870 371 2943; x_wconf 73' lang='grc' dir='ltr'>χθὶς</span> <span class='ocrx_word' id='word_1_311' title='bbox 383 2870 423 2923; x_wconf 82' lang='lat' dir='ltr'>rai</span> <span class='ocrx_word' id='word_1_312' title='bbox 435 2869 520 2940; x_wconf 79' lang='grc' dir='ltr'>πρώην</span> <span class='ocrx_word' id='word_1_313' title='bbox 532 2869 565 2924; x_wconf 88' lang='lat' dir='ltr'>ab</span> <span class='ocrx_word' id='word_1_314' title='bbox 577 2869 687 2922; x_wconf 88' lang='lat' dir='ltr'>ecclesia</span> <span class='ocrx_word' id='word_1_315' title='bbox 698 2869 883 2933; x_wconf 69' lang='lat' dir='ltr'>consumtum,</span> <span class='ocrx_word' id='word_1_316' title='bbox 899 2883 952 2938; x_wconf 91' lang='lat' dir='ltr'>quo</span> <span class='ocrx_word' id='word_1_317' title='bbox 964 2874 1039 2921; x_wconf 82' lang='lat' dir='ltr'>retus</span> <span class='ocrx_word' id='word_1_318' title='bbox 1053 2873 1081 2922; x_wconf 91' lang='lat' dir='ltr'>et</span> <span class='ocrx_word' id='word_1_319' title='bbox 1090 2870 1221 2922; x_wconf 72' lang='lat' dir='ltr'>conuerte</span> <span class='ocrx_word' id='word_1_320' title='bbox 1231 2871 1267 2923; x_wconf 88' lang='lat' dir='ltr'>sit</span> <span class='ocrx_word' id='word_1_321' title='bbox 1276 2869 1406 2942; x_wconf 80' lang='lat' dir='ltr'>abrogata</span> <span class='ocrx_word' id='word_1_322' title='bbox 1417 2885 1476 2924; x_wconf 87' lang='lat' dir='ltr'>san·</span> 
     </span>
     <span class='ocr_line' id='line_1_31' title="bbox 314 2953 1476 3026; baseline -0.001 -15"><span class='ocrx_word' id='word_1_323' title='bbox 314 2958 373 3012; x_wconf 87' lang='lat' dir='ltr'>ctio.</span> <span class='ocrx_word' id='word_1_324' title='bbox 396 2957 512 3010; x_wconf 89' lang='lat' dir='ltr'>Primum</span> <span class='ocrx_word' id='word_1_325' title='bbox 524 2957 593 3008; x_wconf 86' lang='lat' dir='ltr'>enim</span> <span class='ocrx_word' id='word_1_326' title='bbox 606 2953 668 3024; x_wconf 85' lang='lat' dir='ltr'>quid</span> <span class='ocrx_word' id='word_1_327' title='bbox 679 2953 806 3008; x_wconf 82' lang='lat' dir='ltr'>attinebat</span> <span class='ocrx_word' id='word_1_328' title='bbox 816 2953 897 3024; x_wconf 85' lang='lat' dir='ltr'>lapsis</span> <span class='ocrx_word' id='word_1_329' title='bbox 908 2955 955 3018; x_wconf 85' lang='lat' dir='ltr'>iis,</span> <span class='ocrx_word' id='word_1_330' title='bbox 970 2953 1015 3024; x_wconf 91' lang='lat' dir='ltr'>qui</span> <span class='ocrx_word' id='word_1_331' title='bbox 1025 2953 1173 3006; x_wconf 88' lang='lat' dir='ltr'>libellorum</span> <span class='ocrx_word' id='word_1_332' title='bbox 1184 2955 1313 3026; x_wconf 87' lang='lat' dir='ltr'>praesidio</span> <span class='ocrx_word' id='word_1_333' title='bbox 1324 2955 1476 3021; x_wconf 83' lang='lat' dir='ltr'>niterentur,</span> 
     </span>
     <span class='ocr_line' id='line_1_32' title="bbox 314 3039 1477 3111; baseline -0.003 -15"><span class='ocrx_word' id='word_1_334' title='bbox 314 3043 341 3096; x_wconf 91' lang='lat' dir='ltr'>iu</span> <span class='ocrx_word' id='word_1_335' title='bbox 352 3041 444 3095; x_wconf 87' lang='lat' dir='ltr'>mortis</span> <span class='ocrx_word' id='word_1_336' title='bbox 455 3039 635 3094; x_wconf 89' lang='lat' dir='ltr'>tantummodo</span> <span class='ocrx_word' id='word_1_337' title='bbox 647 3039 795 3092; x_wconf 79' lang='lat' dir='ltr'>discrimme</span> <span class='ocrx_word' id='word_1_338' title='bbox 807 3039 1018 3092; x_wconf 89' lang='lat' dir='ltr'>communionem</span> <span class='ocrx_word' id='word_1_339' title='bbox 1033 3039 1185 3106; x_wconf 87' lang='lat' dir='ltr'>concedere,</span> <span class='ocrx_word' id='word_1_340' title='bbox 1201 3057 1298 3111; x_wconf 84' lang='lat' dir='ltr'>negare</span> <span class='ocrx_word' id='word_1_341' title='bbox 1314 3042 1439 3107; x_wconf 61' lang='lat' dir='ltr'>catoris,</span> <span class='ocrx_word' id='word_1_342' title='bbox 1455 3041 1477 3093; x_wconf 89' lang='lat' dir='ltr'>si</span> 
     </span>
     <span class='ocr_line' id='line_1_33' title="bbox 314 3124 1478 3196; baseline -0.002 -14"><span class='ocrx_word' id='word_1_343' title='bbox 314 3127 412 3181; x_wconf 88' lang='lat' dir='ltr'>nemini</span> <span class='ocrx_word' id='word_1_344' title='bbox 423 3127 472 3180; x_wconf 91' lang='lat' dir='ltr'>sub</span> <span class='ocrx_word' id='word_1_345' title='bbox 483 3133 594 3178; x_wconf 89' lang='lat' dir='ltr'>mortem</span> <span class='ocrx_word' id='word_1_346' title='bbox 605 3125 725 3195; x_wconf 84' lang='lat' dir='ltr'>neganda</span> <span class='ocrx_word' id='word_1_347' title='bbox 735 3141 788 3196; x_wconf 86' lang='lat' dir='ltr'>pax</span> <span class='ocrx_word' id='word_1_348' title='bbox 800 3129 888 3178; x_wconf 78' lang='lat' dir='ltr'>esset?</span> <span class='ocrx_word' id='word_1_349' title='bbox 919 3124 1017 3178; x_wconf 89' lang='lat' dir='ltr'>Deinde</span> <span class='ocrx_word' id='word_1_350' title='bbox 1029 3141 1088 3178; x_wconf 89' lang='lat' dir='ltr'>cum</span> <span class='ocrx_word' id='word_1_351' title='bbox 1100 3125 1233 3180; x_wconf 85' lang='lat' dir='ltr'>Romsnus</span> <span class='ocrx_word' id='word_1_352' title='bbox 1245 3127 1328 3180; x_wconf 87' lang='lat' dir='ltr'>clerus</span> <span class='ocrx_word' id='word_1_353' title='bbox 1340 3126 1373 3180; x_wconf 90' lang='lat' dir='ltr'>ds</span> <span class='ocrx_word' id='word_1_354' title='bbox 1383 3127 1478 3180; x_wconf 88' lang='lat' dir='ltr'>eodem</span> 
     </span>
     <span class='ocr_line' id='line_1_34' title="bbox 314 3210 1478 3290; baseline 0.001 -24"><span class='ocrx_word' id='word_1_355' title='bbox 314 3213 420 3282; x_wconf 81' lang='lat' dir='ltr'>negotio</span> <span class='ocrx_word' id='word_1_356' title='bbox 432 3212 522 3265; x_wconf 85' lang='lat' dir='ltr'>scribit</span> <span class='ocrx_word' id='word_1_357' title='bbox 533 3211 565 3264; x_wconf 90' lang='lat' dir='ltr'>ad</span> <span class='ocrx_word' id='word_1_358' title='bbox 575 3211 745 3280; x_wconf 74' lang='lat' dir='ltr'>cyprianum,</span> <span class='ocrx_word' id='word_1_359' title='bbox 757 3210 838 3281; x_wconf 80' lang='lat' dir='ltr'>Epist</span> <span class='ocrx_word' id='word_1_360' title='bbox 848 3227 930 3276; x_wconf 76' lang='lat' dir='ltr'>xxxi,</span> <span class='ocrx_word' id='word_1_361' title='bbox 942 3225 975 3264; x_wconf 85' lang='lat' dir='ltr'>err</span> <span class='ocrx_word' id='word_1_362' title='bbox 987 3211 1044 3281; x_wconf 87' lang='lat' dir='ltr'>ipss</span> <span class='ocrx_word' id='word_1_363' title='bbox 1055 3212 1177 3290; x_wconf 81' lang='lat' dir='ltr'>loquendi</span> <span class='ocrx_word' id='word_1_364' title='bbox 1189 3213 1289 3266; x_wconf 88' lang='lat' dir='ltr'>ratione</span> <span class='ocrx_word' id='word_1_365' title='bbox 1300 3229 1354 3266; x_wconf 93' lang='lat' dir='ltr'>non</span> <span class='ocrx_word' id='word_1_366' title='bbox 1366 3213 1478 3267; x_wconf 84' lang='lat' dir='ltr'>obscure</span> 
     </span>
     <span class='ocr_line' id='line_1_35' title="bbox 313 3295 1478 3368; baseline 0.001 -17"><span class='ocrx_word' id='word_1_367' title='bbox 313 3297 382 3352; x_wconf 88' lang='lat' dir='ltr'>idem</span> <span class='ocrx_word' id='word_1_368' title='bbox 394 3297 561 3350; x_wconf 78' lang='lat' dir='ltr'>demonstrat</span> <span class='ocrx_word' id='word_1_369' title='bbox 581 3295 668 3359; x_wconf 82' lang='lat' dir='ltr'>Caius,</span> <span class='ocrx_word' id='word_1_370' title='bbox 681 3296 778 3366; x_wconf 87' lang='lat' dir='ltr'>inquit,</span> <span class='ocrx_word' id='word_1_371' title='bbox 790 3301 980 3366; x_wconf 80' lang='lat' dir='ltr'>temperamenti</span> <span class='ocrx_word' id='word_1_372' title='bbox 990 3299 1183 3350; x_wconf 82' lang='lat' dir='ltr'>moderationem</span> <span class='ocrx_word' id='word_1_373' title='bbox 1195 3315 1240 3352; x_wconf 89' lang='lat' dir='ltr'>nos</span> <span class='ocrx_word' id='word_1_374' title='bbox 1251 3298 1293 3351; x_wconf 82' lang='lat' dir='ltr'>tic</span> <span class='ocrx_word' id='word_1_375' title='bbox 1305 3307 1389 3352; x_wconf 76' lang='lat' dir='ltr'>tenere</span> <span class='ocrx_word' id='word_1_376' title='bbox 1400 3317 1478 3368; x_wconf 83' lang='lat' dir='ltr'>quae·</span> 
     </span>
     <span class='ocr_line' id='line_1_36' title="bbox 313 3383 1480 3454; baseline 0 -18"><span class='ocrx_word' id='word_1_377' title='bbox 313 3393 410 3447; x_wconf 85' lang='lat' dir='ltr'>rentes,</span> <span class='ocrx_word' id='word_1_378' title='bbox 428 3386 483 3448; x_wconf 87' lang='lat' dir='ltr'>din,</span> <span class='ocrx_word' id='word_1_379' title='bbox 502 3391 527 3435; x_wconf 86' lang='lat' dir='ltr'>et</span> <span class='ocrx_word' id='word_1_380' title='bbox 542 3385 640 3452; x_wconf 73' lang='lat' dir='ltr'>quidem</span> <span class='ocrx_word' id='word_1_381' title='bbox 657 3383 728 3434; x_wconf 79' lang='lat' dir='ltr'>multi</span> <span class='ocrx_word' id='word_1_382' title='bbox 743 3391 768 3434; x_wconf 85' lang='lat' dir='ltr'>et</span> <span class='ocrx_word' id='word_1_383' title='bbox 782 3384 880 3453; x_wconf 82' lang='lat' dir='ltr'>quidem</span> <span class='ocrx_word' id='word_1_384' title='bbox 898 3399 953 3434; x_wconf 87' lang='lat' dir='ltr'>cnm</span> <span class='ocrx_word' id='word_1_385' title='bbox 969 3383 1116 3452; x_wconf 70' lang='lat' dir='ltr'>quibudam</span> <span class='ocrx_word' id='word_1_386' title='bbox 1129 3387 1255 3454; x_wconf 83' lang='lat' dir='ltr'>episcopis</span> <span class='ocrx_word' id='word_1_387' title='bbox 1265 3387 1359 3437; x_wconf 82' lang='lat' dir='ltr'>ricinia</span> <span class='ocrx_word' id='word_1_388' title='bbox 1370 3386 1444 3438; x_wconf 84' lang='lat' dir='ltr'>nobis</span> <span class='ocrx_word' id='word_1_389' title='bbox 1455 3393 1480 3438; x_wconf 82' lang='lat' dir='ltr'>et</span> 
     </span>
     <span class='ocr_line' id='line_1_37' title="bbox 315 3469 1479 3540; baseline 0.001 -17"><span class='ocrx_word' id='word_1_390' title='bbox 315 3469 587 3540; x_wconf 80' lang='lat' dir='ltr'>appropinquantibus,</span> <span class='ocrx_word' id='word_1_391' title='bbox 600 3477 624 3522; x_wconf 88' lang='lat' dir='ltr'>ct</span> <span class='ocrx_word' id='word_1_392' title='bbox 634 3485 694 3538; x_wconf 84' lang='lat' dir='ltr'>qnos</span> <span class='ocrx_word' id='word_1_393' title='bbox 704 3485 735 3520; x_wconf 80' lang='lat' dir='ltr'>en</span> <span class='ocrx_word' id='word_1_394' title='bbox 746 3469 808 3520; x_wconf 85' lang='lat' dir='ltr'>aliis</span> <span class='ocrx_word' id='word_1_395' title='bbox 814 3471 958 3539; x_wconf 80' lang='lat' dir='ltr'>provinciis</span> <span class='ocrx_word' id='word_1_396' title='bbox 969 3469 1042 3536; x_wconf 69' lang='lat' dir='ltr'>lonae</span> <span class='ocrx_word' id='word_1_397' title='bbox 1049 3471 1143 3538; x_wconf 71' lang='lat' dir='ltr'>parias</span> <span class='ocrx_word' id='word_1_398' title='bbox 1148 3473 1335 3539; x_wconf 80' lang='lat' dir='ltr'>persecutionis</span> <span class='ocrx_word' id='word_1_399' title='bbox 1345 3474 1422 3523; x_wconf 68' lang='lat' dir='ltr'>ianas</span> <span class='ocrx_word' id='word_1_400' title='bbox 1433 3489 1479 3524; x_wconf 87' lang='lat' dir='ltr'>or·</span> 
     </span>
     <span class='ocr_line' id='line_1_38' title="bbox 315 3553 1477 3628; baseline 0.002 -20"><span class='ocrx_word' id='word_1_401' title='bbox 315 3557 363 3608; x_wconf 83' lang='lat' dir='ltr'>dor</span> <span class='ocrx_word' id='word_1_402' title='bbox 377 3557 499 3618; x_wconf 69' lang='lat' dir='ltr'>eiectum,</span> <span class='ocrx_word' id='word_1_403' title='bbox 517 3563 576 3607; x_wconf 82' lang='lat' dir='ltr'>arete</span> <span class='ocrx_word' id='word_1_404' title='bbox 591 3557 788 3607; x_wconf 65' lang='lat' dir='ltr'>consttutionem</span> <span class='ocrx_word' id='word_1_405' title='bbox 803 3558 915 3624; x_wconf 84' lang='lat' dir='ltr'>epr&#39;scops&#39;</span> <span class='ocrx_word' id='word_1_406' title='bbox 932 3553 998 3606; x_wconf 85' lang='lat' dir='ltr'>nitil</span> <span class='ocrx_word' id='word_1_407' title='bbox 1011 3556 1181 3608; x_wconf 77' lang='lat' dir='ltr'>innovandum</span> <span class='ocrx_word' id='word_1_408' title='bbox 1196 3564 1315 3624; x_wconf 83' lang='lat' dir='ltr'>putamus</span> <span class='ocrx_word' id='word_1_409' title='bbox 1331 3555 1376 3624; x_wconf 74' lang='lat' dir='ltr'>ide</span> <span class='ocrx_word' id='word_1_410' title='bbox 1393 3557 1477 3628; x_wconf 78' lang='lat' dir='ltr'>lapsis</span> 
     </span>
     <span class='ocr_line' id='line_1_39' title="bbox 313 3639 1480 3710; baseline 0 -15"><span class='ocrx_word' id='word_1_411' title='bbox 313 3640 434 3695; x_wconf 75' lang='lat' dir='ltr'>videlicet</span> <span class='ocrx_word' id='word_1_412' title='bbox 444 3639 621 3710; x_wconf 72' lang='lat' dir='ltr'>recipiendis),</span> <span class='ocrx_word' id='word_1_413' title='bbox 637 3641 684 3693; x_wconf 88' lang='lat' dir='ltr'>sed</span> <span class='ocrx_word' id='word_1_414' title='bbox 697 3641 826 3710; x_wconf 85' lang='lat' dir='ltr'>lapsorum</span> <span class='ocrx_word' id='word_1_415' title='bbox 843 3657 931 3692; x_wconf 87' lang='lat' dir='ltr'>curam</span> <span class='ocrx_word' id='word_1_416' title='bbox 947 3641 1109 3692; x_wconf 82' lang='lat' dir='ltr'>mediocriter</span> <span class='ocrx_word' id='word_1_417' title='bbox 1120 3643 1311 3710; x_wconf 85' lang='lat' dir='ltr'>temperandam</span> <span class='ocrx_word' id='word_1_418' title='bbox 1326 3657 1380 3695; x_wconf 84' lang='lat' dir='ltr'>esee</span> <span class='ocrx_word' id='word_1_419' title='bbox 1391 3645 1480 3695; x_wconf 84' lang='lat' dir='ltr'>credi·</span> 
     </span>
     <span class='ocr_line' id='line_1_40' title="bbox 314 3725 1482 3798; baseline -0.001 -18"><span class='ocrx_word' id='word_1_420' title='bbox 314 3745 381 3792; x_wconf 84' lang='lat' dir='ltr'>rans,·</span> <span class='ocrx_word' id='word_1_421' title='bbox 394 3737 422 3780; x_wconf 87' lang='lat' dir='ltr'>nt</span> <span class='ocrx_word' id='word_1_422' title='bbox 431 3730 531 3780; x_wconf 76' lang='lat' dir='ltr'>steterim</span> <span class='ocrx_word' id='word_1_423' title='bbox 544 3728 602 3778; x_wconf 87' lang='lat' dir='ltr'>darn</span> <span class='ocrx_word' id='word_1_424' title='bbox 614 3729 746 3796; x_wconf 85' lang='lat' dir='ltr'>episcopus</span> <span class='ocrx_word' id='word_1_425' title='bbox 757 3727 820 3780; x_wconf 88' lang='lat' dir='ltr'>dori</span> <span class='ocrx_word' id='word_1_426' title='bbox 830 3743 848 3778; x_wconf 91' lang='lat' dir='ltr'>a</span> <span class='ocrx_word' id='word_1_427' title='bbox 860 3727 906 3777; x_wconf 85' lang='lat' dir='ltr'>deo</span> <span class='ocrx_word' id='word_1_428' title='bbox 918 3725 989 3777; x_wconf 82' lang='lat' dir='ltr'>rrobis</span> <span class='ocrx_word' id='word_1_429' title='bbox 999 3729 1143 3790; x_wconf 70' lang='lat' dir='ltr'>annectere,</span> <span class='ocrx_word' id='word_1_430' title='bbox 1154 3729 1182 3778; x_wconf 88' lang='lat' dir='ltr'>r&#39;n</span> <span class='ocrx_word' id='word_1_431' title='bbox 1193 3743 1310 3796; x_wconf 64' lang='lat' dir='ltr'>eumenen</span> <span class='ocrx_word' id='word_1_432' title='bbox 1322 3743 1422 3791; x_wconf 76' lang='lat' dir='ltr'>mneos,</span> <span class='ocrx_word' id='word_1_433' title='bbox 1434 3733 1482 3798; x_wconf 76' lang='lat' dir='ltr'>oui</span> 
     </span>
     <span class='ocr_line' id='line_1_41' title="bbox 313 3813 1481 3882; baseline 0 -16"><span class='ocrx_word' id='word_1_434' title='bbox 313 3831 399 3867; x_wconf 84' lang='lat' dir='ltr'>moros</span> <span class='ocrx_word' id='word_1_435' title='bbox 411 3819 519 3882; x_wconf 82' lang='lat' dir='ltr'>possunt</span> <span class='ocrx_word' id='word_1_436' title='bbox 534 3813 665 3864; x_wconf 77' lang='lat' dir='ltr'>dilationis</span> <span class='ocrx_word' id='word_1_437' title='bbox 681 3815 815 3876; x_wconf 78' lang='lat' dir='ltr'>mstinere,</span> <span class='ocrx_word' id='word_1_438' title='bbox 832 3827 926 3864; x_wconf 84' lang='lat' dir='ltr'>conseo</span> <span class='ocrx_word' id='word_1_439' title='bbox 938 3821 1059 3875; x_wconf 75' lang='lat' dir='ltr'>tenentem,</span> <span class='ocrx_word' id='word_1_440' title='bbox 1078 3829 1161 3865; x_wconf 87' lang='lat' dir='ltr'>eorum</span> <span class='ocrx_word' id='word_1_441' title='bbox 1177 3821 1271 3876; x_wconf 88' lang='lat' dir='ltr'>autern,</span> <span class='ocrx_word' id='word_1_442' title='bbox 1287 3829 1391 3881; x_wconf 79' lang='lat' dir='ltr'>quornm</span> <span class='ocrx_word' id='word_1_443' title='bbox 1407 3819 1481 3866; x_wconf 84' lang='lat' dir='ltr'>nitus</span> 
     </span>
     <span class='ocr_line' id='line_1_42' title="bbox 314 3899 1480 3969; baseline 0 -18"><span class='ocrx_word' id='word_1_444' title='bbox 314 3917 376 3952; x_wconf 85' lang='lat' dir='ltr'>enoc</span> <span class='ocrx_word' id='word_1_445' title='bbox 381 3901 458 3969; x_wconf 76' lang='lat' dir='ltr'>finem</span> <span class='ocrx_word' id='word_1_446' title='bbox 469 3915 562 3966; x_wconf 70' lang='lat' dir='ltr'>arpena</span> <span class='ocrx_word' id='word_1_447' title='bbox 573 3901 652 3950; x_wconf 80' lang='lat' dir='ltr'>eritas</span> <span class='ocrx_word' id='word_1_448' title='bbox 664 3899 809 3951; x_wconf 63' lang='lat' dir='ltr'>dilatorem</span> <span class='ocrx_word' id='word_1_449' title='bbox 822 3915 870 3951; x_wconf 91' lang='lat' dir='ltr'>non</span> <span class='ocrx_word' id='word_1_450' title='bbox 877 3905 962 3968; x_wconf 86' lang='lat' dir='ltr'>potest</span> <span class='ocrx_word' id='word_1_451' title='bbox 965 3901 1040 3966; x_wconf 87' lang='lat' dir='ltr'>serre</span> <span class='ocrx_word' id='word_1_452' title='bbox 1044 3933 1051 3961; x_wconf 90' lang='lat'>,</span> <span class='ocrx_word' id='word_1_453' title='bbox 1069 3905 1130 3950; x_wconf 86' lang='lat' dir='ltr'>octa</span> <span class='ocrx_word' id='word_1_454' title='bbox 1141 3901 1300 3968; x_wconf 83' lang='lat' dir='ltr'>poenitentia</span> <span class='ocrx_word' id='word_1_455' title='bbox 1317 3907 1342 3950; x_wconf 86' lang='lat' dir='ltr'>et</span> <span class='ocrx_word' id='word_1_456' title='bbox 1352 3903 1480 3968; x_wconf 80' lang='lat' dir='ltr'>professa</span> 
     </span>
     <span class='ocr_line' id='line_1_43' title="bbox 308 3983 1479 4054; baseline 0.001 -18"><span class='ocrx_word' id='word_1_457' title='bbox 308 3989 457 4054; x_wconf 66' lang='lat' dir='ltr'>frequenter</span> <span class='ocrx_word' id='word_1_458' title='bbox 467 4001 566 4036; x_wconf 87' lang='lat' dir='ltr'>suornm</span> <span class='ocrx_word' id='word_1_459' title='bbox 578 3986 740 4037; x_wconf 70' lang='lat' dir='ltr'>detestatione</span> <span class='ocrx_word' id='word_1_460' title='bbox 744 3987 889 4053; x_wconf 84' lang='lat' dir='ltr'>sactorarn,</span> <span class='ocrx_word' id='word_1_461' title='bbox 905 3987 929 4035; x_wconf 87' lang='lat' dir='ltr'>si</span> <span class='ocrx_word' id='word_1_462' title='bbox 939 3984 1074 4051; x_wconf 76' lang='lat' dir='ltr'>lacrymis,</span> <span class='ocrx_word' id='word_1_463' title='bbox 1090 3987 1114 4035; x_wconf 87' lang='lat' dir='ltr'>ri</span> <span class='ocrx_word' id='word_1_464' title='bbox 1127 3983 1272 4052; x_wconf 75' lang='lat' dir='ltr'>pernitibur,</span> <span class='ocrx_word' id='word_1_465' title='bbox 1288 3985 1423 4053; x_wconf 77' lang='lat' dir='ltr'>siflttibus</span> <span class='ocrx_word' id='word_1_466' title='bbox 1433 3987 1479 4038; x_wconf 86' lang='lat' dir='ltr'>do·</span> 
     </span>
     <span class='ocr_line' id='line_1_44' title="bbox 314 4069 1478 4140; baseline 0.001 -18"><span class='ocrx_word' id='word_1_467' title='bbox 314 4072 388 4122; x_wconf 84' lang='lat' dir='ltr'>lentis</span> <span class='ocrx_word' id='word_1_468' title='bbox 399 4089 432 4123; x_wconf 90' lang='lat' dir='ltr'>ac</span> <span class='ocrx_word' id='word_1_469' title='bbox 444 4089 502 4123; x_wconf 84' lang='lat' dir='ltr'>aere</span> <span class='ocrx_word' id='word_1_470' title='bbox 509 4073 661 4140; x_wconf 64' lang='lat' dir='ltr'>poenitentis</span> <span class='ocrx_word' id='word_1_471' title='bbox 672 4072 753 4122; x_wconf 85' lang='lat' dir='ltr'>animi</span> <span class='ocrx_word' id='word_1_472' title='bbox 763 4071 835 4136; x_wconf 72' lang='lat' dir='ltr'>sione</span> <span class='ocrx_word' id='word_1_473' title='bbox 842 4069 1017 4138; x_wconf 80' lang='lat' dir='ltr'>prodiderint,</span> <span class='ocrx_word' id='word_1_474' title='bbox 1034 4085 1088 4120; x_wconf 86' lang='lat' dir='ltr'>cerm</span> <span class='ocrx_word' id='word_1_475' title='bbox 1104 4085 1161 4139; x_wconf 87' lang='lat' dir='ltr'>aper</span> <span class='ocrx_word' id='word_1_476' title='bbox 1172 4071 1274 4122; x_wconf 70' lang='lat' dir='ltr'>meandi</span> <span class='ocrx_word' id='word_1_477' title='bbox 1283 4071 1420 4122; x_wconf 77' lang='lat' dir='ltr'>secundnm</span> <span class='ocrx_word' id='word_1_478' title='bbox 1432 4070 1478 4123; x_wconf 88' lang='lat' dir='ltr'>lso-</span> 
     </span>
     <span class='ocr_line' id='line_1_45' title="bbox 313 4153 1479 4226; baseline 0.001 -19"><span class='ocrx_word' id='word_1_479' title='bbox 313 4159 402 4208; x_wconf 78' lang='lat' dir='ltr'>minem</span> <span class='ocrx_word' id='word_1_480' title='bbox 414 4157 485 4208; x_wconf 87' lang='lat' dir='ltr'>nullo</span> <span class='ocrx_word' id='word_1_481' title='bbox 496 4157 646 4219; x_wconf 79' lang='lat' dir='ltr'>mbstiterit,</span> <span class='ocrx_word' id='word_1_482' title='bbox 658 4159 697 4208; x_wconf 87' lang='lat' dir='ltr'>ito</span> <span class='ocrx_word' id='word_1_483' title='bbox 709 4157 805 4208; x_wconf 79' lang='lat' dir='ltr'>derrrum</span> <span class='ocrx_word' id='word_1_484' title='bbox 817 4164 892 4208; x_wconf 86' lang='lat' dir='ltr'>conte</span> <span class='ocrx_word' id='word_1_485' title='bbox 903 4163 928 4207; x_wconf 89' lang='lat' dir='ltr'>et</span> <span class='ocrx_word' id='word_1_486' title='bbox 937 4155 1044 4206; x_wconf 82' lang='lat' dir='ltr'>sollicite</span> <span class='ocrx_word' id='word_1_487' title='bbox 1054 4153 1189 4208; x_wconf 78' lang='lat' dir='ltr'>mboeniri.</span> <span class='ocrx_word' id='word_1_488' title='bbox 1212 4154 1291 4210; x_wconf 85' lang='lat' dir='ltr'>Vides</span> <span class='ocrx_word' id='word_1_489' title='bbox 1303 4169 1383 4226; x_wconf 86' lang='lat' dir='ltr'>quam</span> <span class='ocrx_word' id='word_1_490' title='bbox 1395 4157 1479 4209; x_wconf 81' lang='lat' dir='ltr'>anxie</span> 
     </span>
     <span class='ocr_line' id='line_1_46' title="bbox 315 4239 1479 4311; baseline 0.001 -16"><span class='ocrx_word' id='word_1_491' title='bbox 315 4255 444 4311; x_wconf 85' lang='lat' dir='ltr'>quamque</span> <span class='ocrx_word' id='word_1_492' title='bbox 455 4241 555 4295; x_wconf 89' lang='lat' dir='ltr'>solicite</span> <span class='ocrx_word' id='word_1_493' title='bbox 570 4257 601 4294; x_wconf 87' lang='lat' dir='ltr'>ae</span> <span class='ocrx_word' id='word_1_494' title='bbox 616 4245 677 4311; x_wconf 88' lang='lat' dir='ltr'>post</span> <span class='ocrx_word' id='word_1_495' title='bbox 692 4241 800 4310; x_wconf 79' lang='lat' dir='ltr'>longam</span> <span class='ocrx_word' id='word_1_496' title='bbox 813 4245 984 4310; x_wconf 84' lang='lat' dir='ltr'>exactamque</span> <span class='ocrx_word' id='word_1_497' title='bbox 1000 4240 1216 4294; x_wconf 86' lang='lat' dir='ltr'>consultationem</span> <span class='ocrx_word' id='word_1_498' title='bbox 1232 4255 1264 4294; x_wconf 93' lang='lat' dir='ltr'>eo</span> <span class='ocrx_word' id='word_1_499' title='bbox 1280 4239 1386 4296; x_wconf 89' lang='lat' dir='ltr'>demum</span> <span class='ocrx_word' id='word_1_500' title='bbox 1402 4242 1479 4296; x_wconf 85' lang='lat' dir='ltr'>incli-</span> 
     </span>
     <span class='ocr_line' id='line_1_47' title="bbox 314 4324 1478 4398; baseline 0.002 -20"><span class='ocrx_word' id='word_1_501' title='bbox 314 4325 402 4378; x_wconf 89' lang='lat' dir='ltr'>narint</span> <span class='ocrx_word' id='word_1_502' title='bbox 412 4333 442 4380; x_wconf 91' lang='lat' dir='ltr'>nt</span> <span class='ocrx_word' id='word_1_503' title='bbox 451 4326 667 4398; x_wconf 88' lang='lat' dir='ltr'>periclitantibus,</span> <span class='ocrx_word' id='word_1_504' title='bbox 678 4341 709 4380; x_wconf 89' lang='lat' dir='ltr'>ac</span> <span class='ocrx_word' id='word_1_505' title='bbox 717 4324 858 4397; x_wconf 89' lang='lat' dir='ltr'>desperatis</span> <span class='ocrx_word' id='word_1_506' title='bbox 869 4326 967 4397; x_wconf 87' lang='lat' dir='ltr'>potius,</span> <span class='ocrx_word' id='word_1_507' title='bbox 979 4326 1190 4382; x_wconf 89' lang='lat' dir='ltr'>communionem</span> <span class='ocrx_word' id='word_1_508' title='bbox 1201 4325 1355 4382; x_wconf 79' lang='lat' dir='ltr'>conterrent.</span> <span class='ocrx_word' id='word_1_509' title='bbox 1373 4327 1413 4380; x_wconf 85' lang='lat' dir='ltr'>De</span> <span class='ocrx_word' id='word_1_510' title='bbox 1422 4343 1478 4398; x_wconf 80' lang='lat' dir='ltr'>quo</span> 
     </span>
     <span class='ocr_line' id='line_1_48' title="bbox 314 4411 1476 4482; baseline 0.003 -19"><span class='ocrx_word' id='word_1_511' title='bbox 314 4411 404 4480; x_wconf 86' lang='lat' dir='ltr'>utique</span> <span class='ocrx_word' id='word_1_512' title='bbox 415 4411 608 4466; x_wconf 86' lang='lat' dir='ltr'>deliberandum</span> <span class='ocrx_word' id='word_1_513' title='bbox 619 4429 672 4466; x_wconf 91' lang='lat' dir='ltr'>nou</span> <span class='ocrx_word' id='word_1_514' title='bbox 684 4415 752 4478; x_wconf 85' lang='lat' dir='ltr'>erat,</span> <span class='ocrx_word' id='word_1_515' title='bbox 770 4412 793 4464; x_wconf 86' lang='lat' dir='ltr'>si</span> <span class='ocrx_word' id='word_1_516' title='bbox 804 4416 861 4466; x_wconf 89' lang='lat' dir='ltr'>tum</span> <span class='ocrx_word' id='word_1_517' title='bbox 871 4411 1018 4482; x_wconf 80' lang='lat' dir='ltr'>legitimum</span> <span class='ocrx_word' id='word_1_518' title='bbox 1030 4417 1057 4466; x_wconf 87' lang='lat' dir='ltr'>et</span> <span class='ocrx_word' id='word_1_519' title='bbox 1068 4411 1193 4466; x_wconf 86' lang='lat' dir='ltr'>usitatum</span> <span class='ocrx_word' id='word_1_520' title='bbox 1204 4419 1285 4478; x_wconf 88' lang='lat' dir='ltr'>esset,</span> <span class='ocrx_word' id='word_1_521' title='bbox 1297 4411 1431 4466; x_wconf 88' lang='lat' dir='ltr'>neminem</span> <span class='ocrx_word' id='word_1_522' title='bbox 1446 4413 1476 4466; x_wconf 90' lang='lat' dir='ltr'>in</span> 
     </span>
     <span class='ocr_line' id='line_1_49' title="bbox 313 4495 1477 4568; baseline 0 -18"><span class='ocrx_word' id='word_1_523' title='bbox 313 4497 386 4550; x_wconf 85' lang='lat' dir='ltr'>exitu</span> <span class='ocrx_word' id='word_1_524' title='bbox 396 4497 465 4550; x_wconf 86' lang='lat' dir='ltr'>ritae</span> <span class='ocrx_word' id='word_1_525' title='bbox 476 4513 492 4550; x_wconf 91' lang='lat' dir='ltr'>a</span> <span class='ocrx_word' id='word_1_526' title='bbox 502 4498 685 4552; x_wconf 89' lang='lat' dir='ltr'>communione</span> <span class='ocrx_word' id='word_1_527' title='bbox 695 4495 832 4568; x_wconf 81' lang='lat' dir='ltr'>prohiberi</span> <span class='ocrx_word' id='word_1_528' title='bbox 849 4495 947 4552; x_wconf 83' lang='lat' dir='ltr'>Eadem</span> <span class='ocrx_word' id='word_1_529' title='bbox 959 4513 992 4550; x_wconf 84' lang='lat' dir='ltr'>ex</span> <span class='ocrx_word' id='word_1_530' title='bbox 1003 4496 1123 4567; x_wconf 80' lang='lat' dir='ltr'>Dionysii</span> <span class='ocrx_word' id='word_1_531' title='bbox 1132 4497 1302 4551; x_wconf 78' lang='lat' dir='ltr'>Alexandrini</span> <span class='ocrx_word' id='word_1_532' title='bbox 1313 4499 1400 4552; x_wconf 74' lang='lat' dir='ltr'>sabis</span> <span class='ocrx_word' id='word_1_533' title='bbox 1413 4515 1477 4552; x_wconf 89' lang='lat' dir='ltr'>con·</span> 
     </span>
     <span class='ocr_line' id='line_1_50' title="bbox 313 4581 1476 4656; baseline 0.003 -20"><span class='ocrx_word' id='word_1_534' title='bbox 313 4584 411 4636; x_wconf 83' lang='lat' dir='ltr'>iectura</span> <span class='ocrx_word' id='word_1_535' title='bbox 421 4587 507 4652; x_wconf 85' lang='lat' dir='ltr'>potest</span> <span class='ocrx_word' id='word_1_536' title='bbox 518 4583 586 4647; x_wconf 87' lang='lat' dir='ltr'>elici,</span> <span class='ocrx_word' id='word_1_537' title='bbox 599 4583 644 4653; x_wconf 85' lang='lat' dir='ltr'>qni</span> <span class='ocrx_word' id='word_1_538' title='bbox 655 4583 724 4654; x_wconf 88' lang='lat' dir='ltr'>apud</span> <span class='ocrx_word' id='word_1_539' title='bbox 735 4582 829 4637; x_wconf 76' lang='lat' dir='ltr'>Euseb.</span> <span class='ocrx_word' id='word_1_540' title='bbox 840 4582 885 4638; x_wconf 91' lang='lat' dir='ltr'>lib.</span> <span class='ocrx_word' id='word_1_541' title='bbox 892 4599 927 4638; x_wconf 86' lang='grc' dir='ltr'>ιι.</span> <span class='ocrx_word' id='word_1_542' title='bbox 939 4597 995 4652; x_wconf 86' lang='lat' dir='ltr'>cap.</span> <span class='ocrx_word' id='word_1_543' title='bbox 1005 4581 1057 4653; x_wconf 77' lang='lat' dir='ltr'>pb&#39;,</span> <span class='ocrx_word' id='word_1_544' title='bbox 1068 4584 1110 4637; x_wconf 84' lang='lat' dir='ltr'>rel</span> <span class='ocrx_word' id='word_1_545' title='bbox 1119 4599 1217 4650; x_wconf 76' lang='lat' dir='ltr'>xxxa,</span> <span class='ocrx_word' id='word_1_546' title='bbox 1227 4584 1256 4636; x_wconf 92' lang='lat' dir='ltr'>in</span> <span class='ocrx_word' id='word_1_547' title='bbox 1266 4583 1313 4638; x_wconf 91' lang='lat' dir='ltr'>ills</span> <span class='ocrx_word' id='word_1_548' title='bbox 1321 4581 1476 4656; x_wconf 80' lang='lat' dir='ltr'>Serapionis</span> 
     </span>
    </p>
   </div>
   <div class='ocr_carea' id='block_1_3' title="bbox 0 0 1587 5050">
    <p class='ocr_par' dir='ltr' id='par_1_4' title="bbox 0 0 1587 5050">
     <span class='ocr_line' id='line_1_51' title="bbox 0 0 1587 5050; baseline 0 0"><span class='ocrx_word' id='word_1_549' title='bbox 0 0 1587 5050; x_wconf 95' lang='lat' dir='ltr'> </span> 
     </span>
    </p>
   </div>
  </div>
 </body>
</html>
