3138 5044
256 239 330 296 .οΠ

285 397 342 460 Quo
359 395 401 461 lit,
419 398 449 449 nt
462 394 487 448 si
501 399 571 448 retro
588 393 711 464 progredi
721 393 846 458 volueris,
863 409 948 447 annm
964 393 1064 464 primm
1081 393 1149 464 cycli
1159 393 1313 463 Dionysiani
1329 391 1448 464 proxime
1551 409 1552 414 ¹

284 481 471 536 incarnationis
483 496 514 534 ac
526 479 670 534 nativitatis
683 495 780 532 annum
792 479 937 549 praecedat.
955 479 1028 532 ldem
1038 479 1066 532 in
1075 477 1204 548 Computa
1216 495 1272 550 cap.
1281 497 1346 532 ιιιι.
1357 478 1450 548 repetit

283 567 370 632 Beda,
383 571 410 619 et
420 582 453 619 ne
466 582 519 636 qua
530 565 656 618 dubitatio
668 565 752 635 possit
763 581 835 630 esse,
847 571 932 618 certos
944 563 1106 618 characteres
1117 563 1199 630 addit,
1212 565 1308 635 quibus
1320 563 1449 618 secundus
1551 559 1552 580 ³

284 654 328 708 ille
340 669 425 706 annue
436 652 502 722 cycli
513 652 546 704 ab
558 651 616 704 aliis
628 649 789 703 discernitur.
812 651 899 704 Velub'
911 649 980 720 quod
992 655 1098 721 epactas
1108 649 1228 704 habuerit
1238 669 1279 715 ιι,
1295 665 1450 704 concurren-

285 743 325 792 tes
337 757 362 803 v,
374 739 437 792 luna
447 737 510 791 item
522 753 575 790 ιιι.
586 737 614 790 in
626 754 683 790 vm·
691 735 749 789 Kal.
759 736 835 806 Apu,
848 736 978 790 dominica
988 752 1050 790 vero
1060 733 1191 808 paschalis
1203 735 1378 807 valialhpr,
1390 735 1451 788 luna

285 843 340 880 ιιι.
363 824 411 877 list
421 824 492 877 enim
502 822 544 876 hic
557 838 641 876 annus
653 837 729 875 aerae
740 822 886 875 communis
897 822 1010 892 primns,
1026 821 1100 892 cyclo
1111 821 1175 876 solis
1187 839 1226 888 r.‚
1242 822 1320 876 lunas
1333 837 1375 886 ιι.,
1393 836 1451 890 epa·
1551 867 1552 896 ,

286 913 343 962 ctae
355 927 405 975 xa,
418 912 599 964 concurrentes
612 927 636 960 v.
659 906 828 962 Noriluninm
838 906 954 962 medium
969 923 1003 962 ex
1014 906 1119 962 lirisicia
1131 908 1234 962 Mulieri
1244 907 1352 962 Tabulis
1364 905 1452 961 nerui
1551 899 1552 968 J

286 1011 344 1050 rur.
356 994 420 1048 bora
431 995 455 1059 l,
467 995 508 1060 59,
520 993 562 1060 39,
573 999 634 1064 poet
644 991 712 1046 med.
724 997 838 1058 uocum,
856 992 920 1046 luna
930 1011 996 1057 rra,
1012 993 1101 1048 Martii
1113 1011 1196 1048 mn:
1213 993 1259 1047 sed
1270 993 1304 1046 ob
1315 991 1451 1064 προήγησιι
1551 1003 1552 1068 ᾗ

286 1080 408 1134 Nicaeuis
419 1080 594 1150 temporibus,
605 1078 639 1132 ad
650 1091 716 1148 quae
725 1077 868 1148 Dionysius
879 1079 982 1148 cyclum
991 1095 1067 1132 snum
1079 1078 1179 1150 dirigit,
1191 1079 1354 1132 novilunium
1365 1075 1454 1131 Martii

287 1183 347 1229 ιιι,
364 1166 428 1218 luna
439 1183 505 1230 ιιι,
522 1165 610 1218 Martii
621 1181 695 1230 ιιι,
711 1163 766 1218 sive
777 1181 834 1219 vrrr.
845 1163 902 1218 Kal.
913 1165 986 1234 Apa,
1003 1165 1040 1218 lit
1052 1164 1173 1218 dominic.
1188 1164 1219 1220 B.
1242 1163 1353 1218 Proinde
1364 1163 1453 1217 Martii

287 1269 370 1306 xrvrr.
384 1251 523 1306 dominica.
541 1251 608 1304 ilinc
619 1249 752 1319 estquod,
763 1255 794 1302 ut
805 1249 986 1316 scribitBeda‚
998 1249 1141 1320 Dionysius
1150 1249 1183 1303 ad
1192 1248 1343 1304 methodum
1353 1249 1452 1303 demm-

288 1336 442 1390 novennalis
453 1336 528 1389 annis
541 1335 640 1389 domini
657 1351 738 1388 unum
753 1335 830 1390 adiici
846 1335 931 1400 iubet,
947 1338 1097 1406 eiprrifieane
1109 1337 1154 1388 iilo
1166 1339 1303 1388 irwomoto
1311 1353 1392 1388 osmer
1404 1337 1453 1385 eir·

289 1423 341 1473 cuti
350 1423 582 1476 decemnovennalis
593 1439 684 1474 aarum
697 1425 838 1490 iavnfne'ese
850 1422 1005 1490 completam.
1025 1420 1125 1486 Quibus
1137 1437 1170 1474 ex
1182 1419 1270 1474 Bedae
1281 1419 1453 1490 Dionysiiqus

288 1507 373 1560 vorbis
391 1508 512 1561 vin'osam
527 1507 747 1577 Dionysianorum
764 1507 897 1576 cyclorum
914 1505 1113 1577 descriptionem
1128 1523 1186 1559 esse
1201 1509 1284 1577 palat,
1299 1521 1370 1575 quas
1387 1504 1454 1575 apud

290 1592 401 1646 eundem
413 1592 513 1646 Bedam
523 1598 595 1647 tomo
607 1611 626 1649 r.
638 1592 774 1663 reperitur.
802 1591 842 1646 lbi
859 1591 928 1644 enim
945 1607 1014 1645 anno
1030 1592 1114 1662 primo
1130 1591 1236 1646 literali
1252 1591 1368 1662 ponitur,
1386 1606 1454 1643 anno

289 1678 415 1744 secundo,
432 1679 468 1744 D,
481 1678 509 1734 Ο.
532 1677 612 1750 Atqui
623 1679 723 1748 primns
735 1692 819 1731 annus
832 1677 899 1746 cycli
910 1676 1064 1746 Dionysiani
1077 1677 1205 1730 bisexn'lis
1222 1683 1274 1742 est,
1290 1693 1345 1730 non
1362 1691 1454 1730 secuu-

289 1764 349 1828 dus,
362 1765 407 1834 qui
418 1763 497 1818 habet
508 1765 609 1818 literam
622 1763 652 1828 Β,
665 1764 704 1817 uti
714 1764 785 1834 prior
796 1762 828 1828 D,
838 1761 867 1818 Ο.
886 1761 946 1816 ldeo
958 1763 1050 1817 rnerito
1062 1759 1135 1817 Beda
1146 1763 1259 1816 correxit
1269 1767 1296 1816 et
1305 1762 1455 1838 biserdlem

289 1851 355 1919 cycli
371 1851 485 1921 primum
503 1866 600 1904 annum
616 1865 674 1903 esse
686 1850 776 1904 voluit.
812 1849 967 1918 Quanquam
985 1849 1113 1920 suspicari
1127 1850 1187 1902 licet
1198 1848 1354 1918 Dionysium
1372 1849 1454 1919 primo

289 1951 388 1988 annum
396 1937 511 1990 natalem
520 1936 661 1990 intertium
671 1933 871 2006 Olympenorv.
882 1935 1061 1989 coniicientem
1075 1939 1143 1989 reete
1157 1934 1295 1988 adnotasse
1303 1935 1454 2005 proximum

290 2021 365 2074 illum
376 2027 436 2074 ente
448 2022 596 2076 bisextilem
608 2021 702 2091 luisse,
719 2021 794 2091 eique
810 2025 948 2092 propterea
964 2021 1065 2074 literam
1077 2020 1098 2074 ll
1109 2021 1242 2086 tribuisse,
1258 2025 1353 2091 postea
1368 2026 1455 2074 tamen

206 2127 208 2131 ·
289 2105 478 2160 hallucinatum
495 2109 609 2161 namlem
626 2107 800 2161 summovisse
817 2106 845 2159 in
857 2121 955 2160 annum
966 2123 1001 2160 ιι.
1014 2105 1116 2177 Olymp.
1129 2107 1257 2171 eiusdem,
1274 2106 1315 2159 vel
1332 2111 1405 2159 certe
1421 2105 1456 2158 al·

290 2197 373 2244 teram
383 2193 531 2262 qnempiam
542 2192 712 2262 adscripsisse
723 2193 824 2246 literam
832 2191 865 2256 ll,
879 2207 957 2262 quam
968 2192 1106 2246 convenire
1117 2197 1209 2246 nosset
1219 2207 1288 2246 anno
1296 2209 1337 2244 nr.
1350 2191 1454 2261 Olymp.

291 2291 393 2342 exora,
406 2277 447 2330 cni
459 2277 601 2348 Dionysius
613 2279 727 2332 natalem
739 2278 933 2348 assignaverat,
949 2293 997 2331 nec
1009 2276 1150 2331 advertisse
1165 2277 1253 2330 minus
1268 2275 1318 2330 boc
1333 2277 1370 2330 ad
1381 2293 1456 2330 suurn

290 2363 439 2416 institutum
451 2363 586 2433 quadrare.
605 2363 741 2434 Utcunque
750 2379 811 2416 vero
824 2363 956 2429 ceciderit,
968 2381 1016 2417 nos
1028 2379 1116 2418 aeram
1125 2363 1313 2432 Dionysianam
1324 2379 1381 2416 uno
1393 2363 1457 2416 anti·

291 2449 408 2519 cipamus
421 2464 504 2514 anuo,
517 2455 543 2502 et
554 2465 632 2520 quern
643 2449 687 2503 ille
698 2449 883 2502 incarnationis
896 2455 922 2502 et
933 2449 1075 2502 nativitatis
1087 2465 1185 2502 anuum
1197 2465 1254 2502 esee
1262 2448 1355 2512 voluit,
1369 2448 1456 2520 proxi·

290 2551 364 2589 mum
381 2551 397 2588 a
414 2535 549 2590 nativitate
567 2535 749 2590 constituimus
766 2533 835 2605 quod
852 2533 1058 2606 imprudentibus
1074 2534 1150 2590 nobis
1163 2534 1286 2604 obrepsit.
1307 2533 1378 2587 (lum
1390 2534 1457 2588 enim

290 2621 402 2674 maiores
413 2621 496 2674 nostri
507 2635 591 2676 annos
604 2622 637 2675 ab
648 2621 826 2674 incarnatione
837 2625 1015 2684 numerarent,
1027 2624 1118 2690 postea
1128 2618 1228 2673 laetum
1240 2623 1293 2684 est,
1309 2625 1340 2672 ut
1354 2619 1404 2689 qni
1414 2635 1457 2672 na·

291 2707 391 2760 tivltate
402 2707 490 2778 potius
502 2707 605 2762 initium
617 2713 732 2778 repetere
741 2707 850 2772 vellent,
862 2721 921 2760 cum
931 2723 958 2759 ιι
969 2721 1074 2760 menses
1083 2703 1217 2760 detrahere
1226 2704 1363 2770 deberent,
1376 2705 1457 2758 tribus

291 2798 452 2847 antevertere
463 2793 615 2859 maluerint,
627 2794 697 2847 stab
709 2809 740 2846 eo
752 2793 847 2857 natali,
859 2793 905 2862 qui
916 2791 1100 2846 humationis
1112 2789 1238 2862 epocham
1246 2789 1391 2854 antecedit,
1407 2805 1457 2843 non

292 2879 325 2932 ab
338 2896 368 2932 eo
387 2879 431 2949 qui
448 2880 571 2949 sequitur,
588 2878 743 2932 numerandi
759 2878 915 2950 principium
933 2877 1063 2933 duxerint.
1086 2877 1202 2932 Tametsi
1210 2875 1406 2931 vetustissimus
1417 2874 1457 2928 hic

292 2981 362 3016 error
378 2969 419 3016 est
433 2964 549 3034 adeoque
565 2964 685 3034 Dionysii
699 2965 782 3034 ipsius
799 2979 830 3017 ao
841 2961 936 3018 Redae.
959 2963 1026 3018 Hinc
1040 2963 1086 3016 illa
1096 2963 1167 3016 velut
1182 2979 1217 3016 ex
1231 2961 1332 3033 tripode
1343 2975 1457 3032 pronun·

293 3050 362 3102 cista
374 3050 513 3103 sententia:
538 3049 625 3104 Habet
636 3053 712 3113 ocrim,
725 3050 874 3119 erbisoller,
887 3051 1011 3102 eeclesiae
1016 3051 1096 3119 fides,
1115 3050 1278 3102 dominantia
1290 3065 1371 3100 coros
1376 3048 1458 3118 poulo

288 3137 350 3206 plue
358 3153 432 3206 poem
444 3153 529 3188 mur
543 3138 618 3186 αιιίι
628 3152 705 3205 nepae
717 3137 754 3188 od
764 3153 811 3188 eoo
824 3143 937 3204 temporo
942 3138 1075 3206 passionis
1085 3138 1189 3198 omissa,
1201 3137 1263 3205 poio
1274 3135 1397 3187 os'dab'eet
1405 3149 1458 3187 xxx

294 3224 506 3289 oooercmfirerit
519 3221 675 3290 baptizatus,
691 3224 758 3274 sient
774 3222 931 3290 encopoliato
944 3219 1033 3274 Luem
1050 3229 1164 3285 testatur,
1182 3229 1207 3272 et
1222 3229 1274 3272 tres
1288 3223 1363 3272 remia
1381 3235 1459 3272 osset

290 3315 350 3376 poet
360 3306 487 3374 baptismo
495 3308 699 3374 praedicaverit.
721 3307 792 3360 Haec
803 3305 877 3360 Beda
888 3293 1001 3377 capillo
1013 3323 1094 3362 xnvrr.
1118 3306 1191 3370 Quae
1204 3305 1228 3359 ei
1239 3321 1273 3360 ex
1285 3304 1410 3358 eoeleshe
1431 3308 1460 3356 ut

293 3391 387 3445 asserit
398 3389 449 3444 fide
461 3390 563 3444 decreta
574 3391 638 3458 sint,
650 3391 715 3446 nibil
726 3407 834 3446 caussae
846 3397 887 3446 eet
898 3392 961 3462 quin
972 3392 1029 3462 ipsa
1046 3397 1137 3446 contra
1152 3407 1318 3446 communem
1333 3391 1459 3444 occimiae

293 3476 373 3531 iidem
390 3477 493 3529 sentiat.
521 3477 623 3532 Etenim
638 3477 768 3532 Christum
784 3493 893 3550 pessum
908 3493 965 3531 esse
982 3477 1059 3530 tradit
1074 3493 1143 3531 anno
1161 3493 1238 3530 aerae
1253 3482 1358 3530 nostrae
1369 3493 1458 3530 uxrv.

293 3561 369 3616 Unde
381 3563 599 3632 quemadmodum
612 3579 709 3618 annum
721 3581 797 3618 aerae
808 3569 913 3618 nostrae
925 3581 1053 3628 nrrxrm,
1071 3564 1116 3634 qui
1132 3569 1172 3616 eet
1187 3562 1294 3616 meandi
1305 3561 1459 3632 Dionysisni

294 3649 361 3719 cycli
378 3647 520 3714 secundus,
538 3649 693 3719 respondere
710 3656 799 3704 censet
810 3667 878 3704 anno
891 3649 929 3704 illi
941 3665 993 3720 quo
1006 3647 1123 3702 Christus
1135 3649 1284 3702 incarnatus
1302 3653 1355 3714 eet,
1372 3649 1411 3701 ita
1427 3645 1458 3699 ad

293 3751 388 3790 nxrrrr
398 3733 457 3788 addi
466 3733 637 3801 iubetxrrrv,
650 3741 679 3788 ut
686 3735 752 3790 fiant
760 3753 850 3802 nnxvr,
863 3736 908 3806 qui
917 3751 1001 3788 annus
1010 3734 1166 3805 respondeat
1175 3735 1248 3788 alteri
1256 3733 1296 3788 illi
1304 3749 1357 3804 quo
1366 3747 1458 3805 passus

295 3827 335 3874 eat
346 3821 478 3884 dominns,
496 3821 541 3891 qni
558 3826 683 3874 estserae
696 3839 785 3876 ιιιιι.
810 3823 925 3893 Apparet
939 3821 1020 3890 igitur
1031 3819 1100 3892 apud
1112 3819 1211 3873 hedam
1224 3825 1250 3873 et
1261 3819 1418 3888 Dionysium
1429 3833 1458 3872 ao

295 3923 378 3973 anno,
391 3907 435 3978 qui
446 3913 487 3960 est
497 3922 573 3960 aerae
584 3907 730 3960 communis
740 3925 837 3973 xrxrv,
849 3907 915 3976 cycli
927 3905 1080 3975 Dionysiani
1089 3923 1177 3971 rrrv,
1189 3904 1320 3959 Christum
1332 3921 1390 3959 esse
1401 3919 1459 3976 pas·

296 4009 362 4045 eum.
386 3993 470 4057 Quare
483 4009 555 4058 cum,
571 3997 601 4046 ut
615 3992 655 4046 illi
671 3996 802 4058 statuunt,
819 4009 888 4046 anno
901 3993 966 4062 cycli
978 3990 1107 4056 secundo,
1120 4007 1195 4044 aerae
1207 3997 1296 4044 autem
1307 3990 1406 4062 primo,
1422 3990 1458 4042 in·
1551 4033 1552 4076 ,

296 4082 417 4132 emeatus
429 4083 558 4150 natusque
569 4079 605 4131 sit
616 4077 749 4142 dominus,
762 4093 820 4130 cum
829 4093 922 4148 paeana
933 4083 984 4143 est,
995 4093 1079 4130 annos
1091 4077 1239 4131 absolverat
1249 4076 1379 4130 duntaxat
1386 4091 1459 4129 ιιιιι
1551 4101 1552 4104 ¹

299 4177 359 4215 cum
370 4163 468 4233 aliquot
478 4165 622 4218 mensibus.
644 4161 700 4216 Nisi
711 4161 777 4216 iorte
789 4177 887 4218 annum
899 4163 991 4217 aetatis
1003 4163 1117 4234 primum
1128 4177 1295 4216 numeremus
1305 4161 1394 4227 illum,
1408 4177 1458 4232 qno

210 4293 215 4305 .
263 4247 510 4307 .innteromatris
523 4253 704 4320 gestatmest3
722 4249 792 4319 qnod
809 4249 1025 4304 absurdissimum
1042 4255 1090 4304 eet.
1118 4246 1459 4318 EttarnenOampannsin·
1551 4257 1552 4316 ζ

296 4331 381 4403 signi
393 4339 573 4404 computorum
585 4333 680 4390 artifex
697 4334 725 4388 in
740 4334 804 4387 illud
821 4335 956 4405 prolapsus
974 4341 1022 4389 eet.
1058 4334 1125 4389 Nam
1139 4334 1166 4387 in
1179 4332 1458 4404 Gompntoc'ap.rxrr.
1551 4335 1552 4346 ¹

296 4424 323 4472 et
334 4435 417 4472 ιιιιι.
443 4417 573 4474 Christum
589 4419 724 4476 dominnm
741 4425 833 4474 natum
849 4426 982 4474 maereret
998 4436 1067 4474 anno
1085 4419 1153 4489 cycli
1166 4418 1410 4472 decemnovennalis
1420 4431 1458 4469 se·
1551 4415 1552 4484 ]

296 4503 395 4570 eunde,
407 4503 473 4574 cycli
481 4519 542 4559 vere
553 4509 704 4575 epactarum
715 4505 804 4572 tertio,
817 4512 878 4560 ante
890 4523 909 4560 rr
921 4521 1025 4560 menses
1037 4503 1173 4570 inchoato,
1185 4504 1226 4560 die
1235 4504 1359 4562 nonime
1369 4507 1458 4574 quarta
1551 4497 1552 4512 ¹
