3166 5044
290 299 381 358 xxvi

290 461 408 528 inpietas
419 456 582 526 bnscseteci.
612 457 725 510 Proinde
740 458 886 510 mercede
902 457 951 510 illc
966 461 1091 511 secunde
1100 455 1229 521 Sencrd,
1246 460 1290 526 ρον·
1304 473 1353 510 sors
1366 459 1449 510 asinus

290 547 366 613 impie
377 561 452 612 penas
462 543 572 596 ridicule
584 559 640 596 enas
651 551 742 596 tuerer.
770 541 838 596 Nam
850 541 921 612 quod
931 541 969 596 sit
980 546 1074 613 πνεῦμα
1084 543 1137 597 illic
1147 542 1204 596 sine
1215 541 1323 596 articulo
1333 541 1449 613 pesitum

291 629 410 682 univerae
433 627 514 693 sumi,
534 643 594 682 cum
612 631 643 680 nt
662 627 782 698 spiritum
797 633 917 682 sunctum
936 627 1108 698 significaret,
1128 627 1157 680 rb
1169 631 1265 698 πνεῦμα
1284 627 1449 681 scribendum

289 713 378 780 luerit,
391 711 460 784 qnod
471 712 516 766 un
526 718 586 767 ants
598 711 761 783 scaligerum
772 712 889 767 Sslmero
900 717 990 767 nester
1001 713 1194 778 observarem,
1205 711 1271 766 nibil
1281 712 1315 766 ad
1325 729 1381 766 rem
1391 729 1449 783 per·

290 799 362 854 tinet.
396 797 500 853 Etenim
510 813 588 870 saepe
600 803 694 869 πνεῦμα
709 798 765 852 sine
780 799 886 852 articulo
903 813 951 870 pre
963 798 1056 870 spiritu
1071 803 1163 852 sancte
1179 799 1207 852 in
1223 797 1356 869 scripturis
1373 813 1450 852 usur·

289 889 379 956 patur3
396 889 427 938 ut
437 885 527 940 lemn.
541 901 580 950 m,
591 883 618 938 5:
636 884 699 937 Ns'ss‘
708 887 764 955 pses's
774 893 879 936 renuisse
887 888 972 954 suerit
987 901 1018 937 aa·
1033 901 1101 953 apen
1113 887 1255 953 elsps‘n'tssc
1271 881 1296 944 ίξ
1307 881 1396 945 ὕδατος
1408 882 1450 935 aul

291 971 439 1040 πνιιίματοςς
460 975 487 1024 et
502 969 560 1022 eliis
580 970 608 1024 in
626 970 706 1034 locis,
729 985 840 1039 quorum
856 969 982 1023 nonnulla
995 969 1094 1040 preiert
1106 969 1134 1022 iu
1153 969 1290 1024 Minerrsli
1309 967 1449 1024 denarius.
1484 1003 1496 1030 .

290 1055 375 1121 Quare
384 1073 439 1110 nou
450 1055 622 1126 improbanda
632 1054 696 1108 haec
706 1053 845 1125 Epiphanii
855 1055 1032 1125 interpretatio
1044 1054 1157 1120 videtur,
1168 1055 1273 1108 tametsi
1284 1053 1316 1108 de
1327 1055 1384 1109 solo
1395 1055 1450 1124 api·

289 1143 341 1196 ritu
352 1145 441 1196 nuncto
452 1141 569 1212 praecise
579 1141 695 1195 locutum
707 1145 810 1210 putaret
820 1140 1017 1211 evangelistam.
1038 1138 1112 1203 Qnoe
1123 1153 1229 1193 nscssee
1239 1155 1293 1192 nen
1305 1146 1354 1193 est
1375 1139 1450 1194 liano

289 1228 359 1282 enim
370 1226 564 1281 Sadueaeorum
574 1231 689 1280 mentem
699 1224 782 1279 luisse
792 1227 923 1296 suspicor,
934 1231 964 1279 ut
972 1225 1091 1296 spiritum
1102 1241 1220 1290 omnem,
1231 1223 1282 1278 hoc
1292 1231 1332 1278 est
1342 1241 1449 1294 πνευμα-

289 1313 355 1380 τικὴν
365 1312 457 1380 οὐσίαν,
469 1311 585 1366 funditus
593 1312 721 1378 tollerent,
731 1311 841 1381 ideoque
850 1327 1002 1382 corporeum
1012 1327 1069 1365 esee
1078 1310 1155 1364 deum
1164 1315 1320 1376 assererent,
1332 1309 1449 1379 utlapra-

289 1415 339 1452 nus
351 1397 491 1452 existimat.
525 1395 635 1467 Exque
655 1396 823 1468 consequitur
842 1397 921 1450 etiarn
936 1397 1057 1467 spiritum
1076 1401 1197 1449 sanctum
1217 1395 1276 1450 illos
1293 1395 1448 1466 abnegasse.

289 1483 364 1537 Unde
382 1483 475 1536 merito
495 1482 528 1535 ab
544 1481 689 1553 Epiphanio
709 1483 819 1552 aliisque
841 1481 939 1536 dictum
955 1487 997 1535 eet
1012 1481 1177 1536 Sadducaeos
1194 1481 1314 1552 spiritum
1329 1485 1449 1534 sanemur

290 1569 439 1639 ignorasse,
450 1573 481 1638 ut
491 1581 550 1622 eam
561 1583 594 1621 ex
606 1572 661 1622 tote
673 1581 769 1638 genere
780 1569 830 1620 τῶν
842 1565 985 1638 πνευμάτων
997 1567 1110 1638 speciem
1123 1565 1278 1637 deligerent,
1290 1581 1343 1636 qus
1352 1571 1450 1636 negata

289 1655 374 1709 meins
385 1654 424 1707 illi
435 1654 486 1706 sibi
496 1653 636 1724 impietatis
648 1653 746 1707 crimen
758 1658 924 1708 arcesserent

358 1739 396 1791 Τὰ
407 1735 486 1792 πάντα
497 1737 524 1790 te
533 1737 576 1790 ἶσα
587 1738 747 1810 Σαμαρείταις
757 1737 924 1810 φυλάττουσα]
935 1737 1054 1792 Etiamne
1062 1752 1150 1791 saeros
1161 1753 1252 1792 omnes
1260 1737 1340 1792 libros
1348 1741 1451 1809 praeter

289 1823 492 1880 Pentateuchum
502 1823 684 1894 repudiarunt?
700 1823 840 1878 Affirmant
849 1829 948 1878 veteres
964 1839 1055 1878 omnes
1072 1823 1223 1895 praesertim
1236 1822 1375 1894 Origenes,
1386 1823 1450 1878 'ler-

290 1911 428 1975 tullinnus,
446 1909 631 1978 Hieronymus,
651 1907 734 1974 Beda,
753 1907 824 1962 Elias
844 1925 948 1979 quoque
959 1908 1101 1974 Thisbitee,
1118 1909 1224 1978 aliique,
1242 1923 1307 1979 quos
1319 1907 1450 1962 Serranus

289 2001 369 2052 testes
381 1997 452 2049 citet
469 1993 555 2064 Negat
566 1999 654 2048 auum
665 1993 782 2064 Scaliger
793 1998 819 2046 et
829 1994 987 2047 contrarium
998 2009 1147 2048 sessum
1157 1993 1297 2064 losepbunu
1307 1993 1448 2048 existimat

289 2081 343 2136 Sed
357 2085 461 2134 butum
477 2080 552 2134 abest
567 2085 599 2132 ut
613 2084 705 2133 contra
718 2076 844 2148 losephue
861 2079 969 2144 sentiat,
989 2084 1019 2132 ut
1035 2079 1058 2132 is
1075 2092 1241 2134 communem
1252 2079 1325 2134 illam
1334 2079 1379 2133 lib.
1391 2097 1450 2136 scu.

290 2167 361 2237 Orig.
373 2182 430 2237 cap.
443 2183 510 2220 xvrn
529 2165 685 2218 sententiam
703 2164 821 2218 videatur
838 2163 978 2218 adstruere.
1016 2163 1099 2218 Docet
1113 2165 1183 2219 enim
1199 2163 1352 2218 Pbsrisaees
1366 2165 1450 2219 multa

290 2252 385 2324 populo
402 2250 552 2316 tradidisse,
570 2249 630 2322 irrep
648 2249 693 2302 οὐκ
710 2248 894 2321 ἀναγέγραπται
909 2247 933 2302 ἐν
950 2251 1001 2310 τοῖς
1018 2247 1144 2311 linietur
1156 2249 1251 2320 νόμοις·
1267 2249 1308 2303 καὶ
1323 2246 1363 2303 διὰ
1374 2254 1449 2304 τοῦτο

290 2341 368 2390 ταῦτα
378 2336 407 2389 rb
419 2335 594 2390 Σαδδουκαίων
602 2335 671 2406 piene
683 2333 809 2404 ίαβάλλσι,
826 2333 907 2405 λέγων
919 2332 997 2387 latita
1008 2334 1057 2386 bete
1073 2332 1184 2405 ἡγεῖσθαι
1195 2337 1287 2406 νόμιμα
1298 2334 1330 2388 τὰ
1340 2352 1449 2407 γεγραμ-

291 2421 363 2494 μένα,
380 2420 411 2474 τὰ
422 2419 449 2474 et
460 2419 488 2473 ία
503 2421 663 2492 παραδόσεως
674 2423 724 2474 τῶν
736 2419 848 2490 πατέρων
860 2419 893 2490 μὴ
909 2422 997 2491 ruptiis.
1031 2419 1177 2474 Ssdduossi
1187 2421 1267 2492 igitur
1278 2425 1368 2476 autore
1377 2420 1449 2475 Iess-

289 2507 341 2580 pho
358 2507 417 2562 sola
432 2506 496 2561 baec
513 2507 665 2561 asciscendo.
680 2505 891 2575 obserrcndsque
908 2505 1029 2560 dicebant
1045 2521 1112 2576 quse
1132 2511 1221 2560 essent
1236 2507 1334 2578 scripta
1354 2503 1379 2560 o
1396 2509 1448 2568 τοῖς

289 2593 417 2655 Mutetur
429 2594 521 2664 νόμους.
556 2591 629 2658 Quod
641 2597 667 2646 et
677 2592 722 2646 lib.
734 2609 813 2656 arm,
826 2607 882 2663 esp.
895 2609 916 2646 ιι
927 2591 968 2644 bis
980 2592 1065 2645 verbis
1082 2592 1223 2663 expressit:
1241 2590 1351 2662 φυλακῆς
1367 2589 1395 2644 dl
1405 2590 1449 2644 ois-

179 2741 180 2744 ,
290 2680 375 2752 δαμῶς
387 2696 458 2732 τινων
471 2677 628 2750 μεταποίησις
640 2675 736 2747 αὐτοῖς,
748 2677 764 2744 ἦ
776 2679 825 2728 τῶν
840 2677 931 2748 νόμων.
966 2677 1036 2731 Sane
1047 2676 1167 2732 autbsee
1178 2675 1282 2747 loseplsi
1292 2677 1373 2732 verbs
1383 2676 1448 2731 bad·

291 2765 403 2821 duoasee
414 2765 531 2820 indicent
540 2766 626 2820 nullos
637 2764 702 2818 alios
715 2778 794 2834 qnam
804 2763 886 2816 Moeie
898 2763 978 2818 libres
990 2763 1140 2828 admisisse,
1156 2768 1202 2816 ant
1215 2763 1368 2818 ssltemnou
1383 2763 1449 2817 illud

291 2852 360 2922 quod
372 2867 389 2904 a
399 2851 532 2921 Sonligeso
544 2855 599 2914 tem
610 2850 775 2921 pertinaciter
785 2853 930 2920 pugnetur,
946 2848 1076 2915 efficiunt,
1092 2853 1122 2902 ut
1136 2860 1226 2902 neres
1237 2865 1328 2904 omnes
1339 2849 1449 2920 scriptu·

269 2952 272 2958 ·
289 2952 335 2991 rae
346 2937 426 2990 libres
438 2937 555 3008 amplexi,
564 2937 629 3002 sint,
641 2935 683 2997 τὰς
695 2933 819 3006 ἀγράφους
831 2933 983 3005 δευτεραίους
994 2934 1136 2990 τοίοοοιίαα
1164 2933 1228 3004 Agit
1243 2934 1314 2988 enim
1328 2935 1373 2989 ille
1387 2935 1448 2988 loeo

290 3022 427 3093 praecipue
438 3021 563 3092 loaeplsue
579 3021 634 3092 περὶ
650 3023 790 3092 πρακτικῶν
804 3020 928 3092 νομίμων,
944 3020 976 3074 de
987 3021 1079 3076 ritibus
1091 3035 1123 3074 se
1142 3019 1372 3074 consuetudinibus
1392 3021 1448 3075 eive

217 3143 223 3156 .
257 3143 263 3157 .
291 3107 407 3177 legibue,
424 3107 519 3176 quibus
534 3106 666 3177 agendum
681 3103 780 3176 aliquid
790 3107 987 3176 praescribitur,
1004 3121 1072 3177 quae
1083 3106 1110 3160 in
1124 3106 1180 3160 solo
1191 3106 1339 3160 tassilonis
1354 3105 1448 3162 Peuts·

290 3190 384 3246 teuche
397 3193 568 3248 continentur.
596 3191 669 3246 Unde
680 3207 740 3246 eum
752 3191 897 3246 Sadducaei
909 3193 1070 3274 egcipersut,
1082 3207 1114 3246 es
1129 3191 1259 3246 duntaxst
1274 3207 1341 3263 quae
1352 3193 1449 3264 serlpts

290 3283 365 3332 erant
376 3277 507 3332 obseruari
518 3277 623 3342 debere,
640 3277 711 3331 seles
721 3277 821 3347 Moysis
832 3277 925 3344 libres,
937 3277 1032 3348 quibus
1044 3276 1075 3329 riu
1085 3279 1178 3348 νόμιμα
1189 3276 1448 3348 comprehenduntur,

289 3363 482 3434 intelligebant,
499 3379 553 3417 non
572 3361 709 3416 historicos
726 3367 772 3416 aut
787 3362 952 3436 propheticos
968 3361 1063 3428 libres,
1081 3363 1176 3432 quibus
1192 3378 1276 3418 norae
1291 3363 1391 3431 nullae,
1403 3369 1449 3418 sut

291 3465 451 3522 perpaucae,
463 3448 620 3504 eeunonise
630 3448 830 3520 praecipiuntur.
859 3447 966 3502 Caetera
977 3447 1045 3520 apud
1057 3447 1201 3513 Serrurium
1212 3449 1280 3504 vide.

508 3602 554 3658 AD
571 3602 740 3661 muntem
756 3603 825 3670 XV,
842 3601 1232 3668 obtumescentem

357 3707 508 3762 Scribarum
524 3705 586 3760 ordo
602 3723 686 3776 neque
702 3706 825 3762 Iudaismi
840 3705 954 3760 bssrssis
970 3706 1032 3773 init,
1043 3721 1130 3778 nsque
1145 3707 1206 3778 πρδς
1223 3707 1372 3778 Φαρισαίους
1384 3704 1448 3762 ἀντι-

217 3825 225 3832 -
292 3791 503 3864 διασταλλόμινος.
520 3791 588 3848 llum
599 3797 626 3847 et
636 3791 744 3847 Scribas
755 3793 869 3864 plerique
880 3789 1025 3858 Pharissei,
1040 3809 1094 3848 nen
1105 3797 1193 3848 tamen
1204 3809 1308 3860 omnen
1324 3795 1448 3866 quamad-

290 3879 397 3935 modum
413 3879 482 3934 inter
497 3877 632 3949 theologos
647 3877 766 3932 nunuulli
776 3875 898 3932 momhi
913 3883 940 3932 st
949 3879 1066 3934 arctioris
1082 3878 1151 3933 ritae
1168 3878 1336 3950 proiessorsn
1364 3879 1448 3936 Theo·

292 3965 430 4036 phylactes
440 3965 469 4019 in
479 3964 577 4020 Lucam
589 3977 646 4035 ουρ.
659 3981 695 4020 ar.
711 3963 780 4016 donc
791 3964 841 4016 elii
851 3973 926 4016 erent
935 3963 1102 4036 Leqispen'te',
1113 3973 1139 4018 st
1147 3966 1197 4018 els's'
1206 3964 1352 4020 Plousabees'.
1376 3965 1449 4019 Nan

291 4051 431 4106 Piscre'soci
441 4052 592 4105 eidebunm
602 4061 630 4104 st
639 4048 769 4113 saoneclss',
781 4057 806 4101 et
815 4051 859 4118 ραι·
869 4049 902 4101 αδ
914 4051 975 4102 eliis
985 4068 1012 4104 se
1022 4051 1194 4120 seqrsyebosst.
1222 4049 1380 4121 Lepispsrits'
1388 4069 1448 4106 esre

291 4135 399 4190 δονέοντο
409 4147 485 4190 eruat
501 4146 525 4189 et
536 4138 662 4200 ἀοσσοασί,
682 4139 726 4205 pss‘
736 4134 866 4190 solvebant
875 4139 1032 4205 ροααοτίοασα
1042 4137 1114 4205 lepis.
1130 4135 1254 4190 Testatus
1264 4136 1293 4190 in
1303 4151 1359 4207 esp.
1371 4153 1448 4192 uun

291 4221 356 4276 sent.
369 4220 474 4286 Qususl,
485 4239 532 4276 xrs.
548 4220 684 4274 Sciendum
694 4221 760 4290 prend
770 4221 967 4291 lieetpossusstnr
977 4221 1020 4276 bic
1027 4221 1135 4276 Scribas
1146 4221 1319 4276 elPlsurs'sess‘
1328 4230 1449 4292 impense

293 4307 420 4371 distincti,
432 4325 481 4360 non
493 4308 665 4376 &tingentur
675 4310 742 4359 ister
752 4323 780 4360 ss
789 4309 857 4359 sicut
866 4305 1025 4360 Pharisaeus
1035 4306 1248 4372 etSnddsseeeas,
1264 4311 1394 4361 αιόαοίουα
1402 4327 1447 4380 op-

288 4396 390 4464 pose'tu,
401 4395 462 4461 puio
474 4393 556 4444 uellus
565 4392 725 4446 Pieriam
739 4399 778 4444 sat
791 4389 970 4457 sadducaeus,
987 4409 1064 4462 nepus
1074 4410 1088 4446 e
1099 4396 1242 4458 coutrmic,
1253 4397 1314 4464 ρνία
1326 4404 1448 4448 creatae·

293 4485 352 4531 ctne
363 4479 515 4548 ὀὸιραναταα
531 4488 556 4531 et
565 4481 641 4548 pessi
656 4479 800 4548 oppositus:
816 4479 863 4531 ssd
873 4480 1043 4547 ὀίοίίορυπαιτ
1058 4481 1125 4532 sicet
1136 4483 1321 4548 praenosces
1331 4489 1357 4534 et
1366 4481 1447 4534 diele·

293 4567 386 4630 cticm
397 4566 459 4634 peis
467 4563 528 4616 lieet
534 4563 644 4618 etieddt
652 4565 846 4634 ρναπουοιισοπι
857 4579 931 4628 essee,
943 4564 1195 4630 olledds'nlseticssu,
1207 4573 1290 4622 tossen
1297 4567 1449 4638 idenpulest
