3162 5050
1222 341 1311 398 ccvn

149 497 269 564 historie,
286 497 317 552 ds
329 514 382 570 qua
393 499 511 570 superius
524 499 682 552 mentionem
694 499 809 568 eminus,
826 497 916 551 scribit
930 497 1058 568 optimum
1074 495 1148 550 illum
1165 513 1255 551 senem
1267 513 1311 568 sp·

148 585 339 656 propinquante
357 585 411 638 ium
428 585 500 638 obitu
518 601 627 656 puerum
645 585 677 636 ud
693 584 872 654 presbyterum
890 583 1001 636 misisse.
1030 579 1147 649 Ἐντολῆς
1159 581 1185 634 tt
1197 581 1238 635 ὑπ’
1250 581 1311 654 ipati

150 669 293 741 δεδομένης,
309 669 366 731 τους
383 667 615 739 ἀπαλλαττομένους
632 673 675 720 τοῦ
685 668 758 738 βίου,
776 667 796 720 εἰ
813 667 918 736 δέοιντο,
937 668 976 720 rai
993 665 1099 738 μάλιστα
1111 665 1131 719 sl
1142 668 1182 720 aul
1193 669 1311 740 πρότερον

148 753 309 816 &saltantes
321 755 426 826 τύχοιεν,
439 752 562 826 ἀφίεσθαι,
572 755 613 806 ἵνα
625 753 747 814 εὐέλπιδες
760 751 976 806 ἄπαλλάττωνταιε
992 753 1118 806 Mandata
1130 773 1147 806 u
1160 773 1208 817 me,
1219 755 1312 824 inquit,

149 843 229 905 edito,
241 853 269 894 ut
280 845 323 911 qui
335 859 364 892 ec
376 841 426 893 liac
439 845 492 893 uita
506 843 664 894 discederent
675 841 847 911 (poenitentes
859 840 998 892 scilicetne
1010 840 1100 909 lapsi),
1118 843 1143 892 si
1157 842 1187 891 id
1197 841 1312 910 postula·

149 936 214 992 rect,
227 929 339 996 adeoque
348 935 407 978 arete
415 928 566 996 suppliciter
576 936 716 994 capessent,
727 927 922 988 absolveremur,
935 943 981 994 quo
993 927 1155 978 mellaricum
1163 942 1208 994 spe
1217 929 1312 993 mipra·

149 1020 215 1066 reat.
240 1011 374 1064 Postremo
386 1027 445 1066 cnm
457 1011 484 1063 iu
498 1011 634 1080 Ancyrane
649 1011 748 1080 synodo
760 1028 817 1066 cau.
830 1016 891 1063 ante
901 1011 979 1064 citato
990 1017 1156 1082 praeceptum
1169 1011 1216 1075 sit,
1228 1017 1257 1063 ut
1267 1008 1312 1064 irc·

148 1097 261 1151 micidee
277 1113 330 1150 uon
347 1097 398 1150 nisi
415 1097 464 1150 snb
481 1101 592 1150 mortem
610 1097 814 1162 reconcilientur,
832 1103 987 1166 argumento
1004 1101 1044 1148 est
1059 1095 1122 1149 olim
1137 1113 1171 1148 ne
1187 1096 1215 1149 in
1230 1101 1313 1150 morte

150 1183 255 1254 quidem
267 1199 358 1253 pacem
369 1182 420 1235 illis
432 1182 512 1234 inisse
524 1197 683 1235 concessam.

220 1267 272 1322 Sed
281 1267 340 1321 huic
350 1268 487 1338 assertioni
496 1265 613 1321 nonnihil
623 1267 748 1337 refragari
753 1267 862 1332 videtur,
873 1267 942 1337 quod
950 1267 978 1320 in
987 1267 1205 1337 megnuNicssns
1213 1268 1313 1338 syuodo

151 1353 215 1407 Can.
228 1371 285 1408 xm.
300 1354 428 1406 sancitum
440 1353 546 1423 legitur:
564 1352 621 1423 ssepi
633 1352 660 1405 bt
672 1356 721 1404 τῶν
733 1351 893 1413 ἑξοδευόντων
906 1349 920 1403 ὁ
932 1351 1037 1413 maianis
1049 1353 1089 1404 καλ
1101 1353 1226 1416 κανονιιὼς
1237 1355 1313 1424 νόμος

150 1438 337 1510 φυλαχθήαεται
349 1438 389 1490 aui
400 1442 451 1507 νῦν,
467 1438 527 1499 bere
540 1437 560 1490 ti
570 1455 604 1499 τις
617 1437 735 1508 liabetur,
752 1443 796 1490 τοῦ
808 1437 946 1490 τελευταίου
959 1437 999 1489 aul
1011 1435 1204 1508 ἀναγκαιοτάτου
1215 1437 1314 1509 lpotius

150 1524 185 1596 μὴ
198 1521 390 1595 &commitatus
424 1525 545 1594 Appellat
557 1522 662 1575 παλαιὸν
675 1523 715 1575 aul
727 1523 853 1575 κανονικὸν
865 1523 949 1594 νόμον,
966 1540 1017 1594 qno
1029 1524 1191 1578 moribundis
1202 1525 1314 1578 dandam

148 1626 243 1681 pacem
255 1627 313 1662 esse
325 1610 521 1681 praescribitur3
538 1609 607 1679 qnod
620 1615 707 1662 utrum
724 1609 757 1662 ad
769 1625 862 1662 sevum
874 1607 997 1678 Cypriani
1008 1610 1130 1680 restringi
1141 1610 1246 1675 debeat,
1259 1624 1313 1663 um·

149 1697 220 1766 plius
232 1696 407 1766 cogitandum.
431 1695 568 1748 Caeterum
580 1695 613 1747 sd
625 1696 694 1759 eins,
710 1711 789 1765 quem
801 1693 935 1764 hucusque
947 1694 1181 1748 demonstravimus
1193 1697 1315 1749 senerita-
1340 1704 1416 1756 pass.

149 1781 185 1833 tis
197 1797 227 1834 ec
239 1786 336 1851 negata
347 1781 538 1834 communionis
549 1779 628 1833 fidem
644 1781 768 1851 pertinet,
786 1779 855 1850 quud
872 1779 992 1850 deinceps
1007 1780 1113 1833 uberius
1129 1780 1315 1851 disputandum

150 1866 229 1920 nobis
241 1873 293 1931 est,
305 1867 410 1937 publice
421 1867 502 1919 semel
513 1865 674 1936 poenitentis
684 1865 824 1930 defunctis,
837 1866 859 1918 si
871 1865 962 1918 sedem
973 1865 1000 1918 in
1012 1865 1120 1918 crimine
1131 1867 1314 1932 relaberentur,

150 1967 256 2005 omnem
265 1951 298 2004 ed
307 1953 493 2022 poenitentium
503 1967 533 2004 ac
542 1967 632 2022 pacem
644 1951 743 2005 editum
752 1951 864 2005 maiores
872 1957 976 2004 nosnos
984 1951 1174 2016 interclusisse,
1182 1957 1228 2006 ant
1236 1967 1315 2023 aegre

149 2036 292 2091 admodum
304 2053 335 2090 ac
347 2053 405 2091 reno
417 2037 547 2092 tribuisse.

176 2242 429 2298 POENITENTIAM
446 2243 489 2298 AG
506 2241 829 2384 PAOEMgEfflfiffl
844 2243 983 2298 SAEPIUS
1001 2243 1163 2300 accusem
1179 2243 1288 2300 vuius

663 2330 685 2383 D
831 2370 837 2384 .

220 2466 278 2520 Non
290 2467 323 2520 sd
334 2467 517 2538 antiquissimu
528 2469 612 2521 solum
625 2483 654 2520 ac
667 2468 797 2521 severiora
807 2473 925 2539 tempora
934 2467 1061 2521 dubitatio
1072 2469 1123 2522 ists
1134 2470 1256 2539 pertinet,
1269 2469 1314 2523 sed

150 2553 386 2624 stampensium
397 2553 539 2624 eademque
551 2553 726 2607 commodiora
742 2553 928 2623 complectitur.
962 2553 1015 2606 Nec
1032 2554 1063 2607 de
1078 2555 1252 2625 poenitentiae
1269 2571 1314 2625 ge·

150 2655 214 2691 nere
226 2640 310 2705 omni,
321 2639 367 2691 sed
380 2639 410 2692 de
421 2639 467 2692 illa
478 2639 535 2692 sola
547 2639 677 2709 quaeritur
689 2655 756 2708 quse
768 2639 801 2691 ob
813 2639 941 2691 atrociora
952 2639 1046 2691 delicte
1057 2639 1159 2709 publice
1172 2642 1314 2710 suscipere·

150 2731 206 2790 tur;
219 2725 261 2777 cni
271 2725 374 2796 proprie
386 2739 439 2795 pax
452 2731 477 2777 et
488 2725 662 2778 reconciliatio
673 2724 829 2794 respondere
841 2723 941 2776 dicitnr.
962 2721 1027 2776 Eam
1038 2739 1098 2776 vero
1111 2726 1191 2778 semel
1202 2725 1230 2777 in
1242 2727 1314 2778 omni

151 2811 207 2862 vita
218 2811 372 2882 permissam
384 2810 536 2880 iampridem
548 2809 640 2863 eruditi
650 2809 699 2862 viri
711 2808 862 2862 docuerunt.
896 2807 963 2860 Nem
980 2814 1007 2860 et
1016 2809 1085 2862 istud
1097 2810 1184 2879 ipsum
1196 2827 1230 2863 ex
1241 2817 1314 2864 retu·

150 2895 276 2948 stissimis
287 2897 404 2966 patribus
415 2896 603 2960 Tertullianus,
616 2911 649 2948 ex
661 2894 847 2964 posterioribus
860 2894 1021 2964 Augustinus
1033 2899 1060 2946 et
1070 2895 1224 2948 Ambrosius
1235 2895 1314 2949 disee

151 2981 254 3034 tissime
265 2982 354 3034 testati
364 2989 433 3036 sunt.
451 2981 603 3034 Tertulliani
614 2997 647 3033 cx
658 2981 704 3034 lib.
716 2980 747 3033 de
758 2979 857 3035 Posuit.
868 2980 949 3032 verbs
959 2984 1033 3032 sunt:
1052 2979 1192 3033 Collocavit
1202 2985 1229 3033 in
1240 2986 1314 3035 ossa·

152 3069 210 3120 tuto
222 3071 404 3138 poeniteutiam
421 3069 570 3130 secundam,
588 3083 652 3136 quae
668 3066 826 3136 pulsantibus
838 3069 1000 3136 patefaciat,
1018 3067 1131 3118 sedium
1148 3069 1235 3131 sanci,
1253 3071 1315 3137 qnia

150 3157 207 3205 iam
218 3154 338 3216 secundo,
351 3154 396 3204 sed
407 3153 516 3222 amplius
528 3169 664 3221 nunquam,
678 3156 738 3221 quia
747 3157 862 3221 proxime
867 3155 980 3220 frustra.
1017 3151 1126 3221 Scripsit
1141 3158 1228 3206 eutem
1244 3151 1314 3207 hunc

150 3238 249 3291 librum
260 3237 435 3290 Tertullianus
448 3243 587 3306 antequem
599 3235 632 3288 ad
643 3237 761 3290 Montani
773 3235 869 3307 dogma
880 3235 1044 3301 descisceret,
1059 3253 1093 3290 ns
1110 3238 1169 3307 quis
1183 3239 1211 3290 in
1229 3255 1259 3292 eo
1272 3253 1314 3292 oe·

151 3323 282 3376 villstionl
293 3323 365 3375 locus
378 3339 435 3376 esse
445 3323 540 3392 possit,
557 3321 635 3392 idque
651 3323 714 3374 satis
729 3321 785 3392 ipsc
800 3339 847 3392 per
857 3338 914 3376 sese
926 3322 1049 3386 declarat;
1066 3339 1216 3394 quanquam
1227 3330 1314 3378 nuum

151 3408 307 3463 Tertulliani
318 3408 352 3460 sit
362 3407 486 3462 Erasmus
499 3423 529 3460 sc
541 3405 682 3461 Rhenanus
694 3407 839 3476 ambigunt.
870 3405 923 3460 Nec
939 3407 1103 3461 diffitendum
1119 3415 1157 3462 est
1168 3408 1288 3463 dissimili
1299 3425 1316 3462 s

152 3493 262 3547 caeteris
274 3493 343 3562 stylo
356 3509 414 3546 esse
426 3493 613 3564 conscriptum,
629 3509 660 3546 ec
674 3493 752 3564 paulo
764 3491 896 3546 diffusiore
908 3509 986 3564 quum
998 3499 1073 3547 sutor
1083 3495 1126 3547 ille
1138 3495 1228 3549 soleat.
1263 3494 1315 3549 Sed

152 3581 210 3633 site
215 3579 366 3632 Tertulliani
375 3579 416 3644 sit,
429 3578 498 3648 quod
507 3579 672 3632 verisimilius
681 3595 741 3632 cnm
748 3577 862 3632 Pemelio
875 3595 932 3631 esse
943 3580 1069 3650 suspicor,
1080 3581 1135 3634 sire
1146 3580 1260 3648 ulterius,
1271 3597 1315 3634 re·

151 3665 294 3718 tustissimi
310 3665 387 3735 plane
405 3664 537 3734 scriptoris
555 3671 595 3717 est
612 3670 639 3718 et
654 3664 754 3718 eruditi.
788 3665 871 3718 Multo
887 3665 914 3717 id
929 3665 1042 3735 apertius
1058 3666 1136 3718 tradit
1151 3667 1315 3736 Augustinus

151 3751 237 3822 Epist.
246 3767 299 3803 ure.
311 3766 327 3802 e
339 3765 389 3820 quo
402 3765 461 3802 cum
473 3749 641 3803 Macedoniae
654 3750 807 3820 quidamvir
818 3749 956 3820 primarius
968 3750 1123 3820 quaesisset,
1134 3755 1222 3804 utrum
1233 3753 1315 3822 pieta-

151 3837 187 3890 tis
199 3840 304 3908 putatet
320 3851 389 3900 esse,
405 3835 533 3906 episcopis
550 3849 653 3888 reorum
669 3852 767 3906 poenes
783 3836 979 3906 deprecantibus
997 3851 1123 3901 annuere,
1138 3837 1226 3906 itaque
1242 3837 1315 3892 dubi·

152 3926 247 3975 tasset:
261 3921 330 3973 Nam
343 3925 367 3972 si
378 3941 394 3972 a
407 3923 505 3972 domiuo
515 3929 626 3990 peccatu
638 3923 702 3972 aden
711 3922 885 3990 probibentur,
897 3931 926 3975 ut
935 3940 966 3974 ue
973 3924 1120 3992 poenitendi
1130 3924 1227 3992 quidem
1239 3927 1315 3992 copia

148 4017 212 4078 post
218 4010 331 4076 primam
339 4009 521 4075 poeniteutiam
534 4006 668 4068 tribuatur,
682 4009 884 4075 quemadmodum
895 4025 1074 4077 aospassumus
1083 4025 1113 4059 es
1124 4009 1245 4075 relipiaue
1257 4025 1315 4060 ccu-

154 4095 257 4145 tendere
262 4131 270 4155 ,
282 4103 310 4144 ut
320 4092 390 4143 uobis
401 4091 571 4161 qualecunque
581 4091 647 4142 iilud
657 4094 851 4159 crimerrfuerit,
864 4095 1022 4145 dimittente!
1054 4092 1216 4161 Augustinus
1227 4093 1265 4144 iu
1276 4109 1315 4146 re·

153 4176 277 4248 spondet:
305 4177 338 4227 Iu
356 4185 450 4228 laubrm
469 4185 551 4228 autem
569 4175 692 4227 homiuum
710 4177 847 4246 aliquando
864 4181 986 4246 iniquitas
999 4179 1172 4248 prnpreditur,
1192 4187 1220 4229 ut
1238 4182 1315 4230 mam

147 4271 309 4334 praetactum
317 4265 510 4332 poeaitentiam,
523 4269 584 4330 post
601 4262 695 4312 alturus
709 4264 952 4325 reconciliabantur,
969 4264 1009 4314 uel
1023 4265 1120 4316 similia
1136 4265 1177 4316 uel
1189 4267 1314 4332 praviora

153 4351 312 4400 committant
323 4356 369 4400 etc.
394 4347 431 4399 Et
441 4347 555 4416 quamuis
566 4349 602 4400 eis
613 4349 640 4397 iu
652 4346 761 4398 eeclesia
774 4347 842 4399 locus
853 4347 1008 4398 humillimae
1015 4352 1186 4416 poeniteutiae
1198 4367 1246 4402 uon
1258 4367 1315 4402 cou-

153 4435 272 4496 cedatur,
289 4435 349 4486 dcue
364 4441 447 4484 tamen
463 4449 540 4502 super
557 4449 598 4483 ece
613 4448 675 4482 suae
688 4435 831 4500 patieuaue
843 4451 890 4484 uon
901 4431 1065 4486 obliviscitur.
1101 4432 1144 4484 Er
1154 4453 1257 4503 quorum
1270 4451 1315 4486 nu·

151 4537 223 4572 maa
234 4521 260 4570 si
270 4523 326 4588 quis
337 4518 408 4571 nobit
418 4519 502 4581 dicat,
519 4525 565 4569 aut
575 4519 634 4569 date
646 4515 708 4568 mili
718 4517 821 4569 mudum
836 4521 927 4569 iterum
940 4519 1088 4585 poenitendi
1103 4519 1195 4581 uam,
1211 4528 1258 4572 aut
1272 4521 1314 4572 cle·

149 4613 284 4676 mantum
297 4621 334 4656 me
341 4605 491 4674 permittite,
503 4605 637 4671 utsacium
645 4603 767 4672 quidquid
774 4602 885 4668 libuerit,
897 4609 1016 4672 mactum
1031 4605 1093 4655 meris
1108 4603 1196 4672 opibus
1206 4606 1315 4656 adinum
