3104 5038
1124 333 1265 387 GGOXXV

96 500 180 552 δοσαν
190 503 228 569 τῷ
237 497 294 569 θεῷ.
307 499 401 554 Athen.
412 499 517 564 Quaest.
527 499 559 554 sd
569 500 726 556 Antiochum
736 500 843 565 Quaest.
853 520 952 567 xxm,
961 517 1021 556 cnm
1031 503 1178 574 quaesitum
1187 509 1266 570 esset,

96 593 189 640 utrum
202 591 363 638 mortuorum
376 593 541 655 peccatorum
553 587 656 640 animae
669 587 793 641 beneficia
806 589 832 640 in
846 605 874 641 se
884 589 979 642 collata
987 589 1120 654 sentirent,
1133 589 1266 660 γινομένων

96 670 160 741 ὑπὲρ
179 671 262 722 αὐτῶν
280 669 401 731 obedirem
414 670 454 722 καὶ
466 669 579 723 rimoridio
597 671 638 724 aul
649 675 803 742 προςφορῶν,
820 675 966 744 respondet,
984 673 1027 734 τὰς
1044 676 1094 726 τῶν
1111 673 1266 746 ἁμαρτωλῶν

96 755 183 826 ψυχὰς
202 754 310 826 μετέχειν
328 755 464 826 εὐεργεσίας
490 756 554 817 τινος
581 754 608 808 da
634 760 676 823 τῆς
694 755 752 826 ὑπὶρ
771 757 852 808 αὐτῶν
870 757 999 830 γενομένης
1017 757 1165 831 ἀναιμάκτου
1184 761 1267 822 θυσίας

96 841 138 894 καὶ
160 837 278 902 εὐποιίας.
315 842 418 911 Alioqui
436 842 459 895 si
477 841 541 896 nihil
559 840 624 895 haec
641 843 706 912 ipsis
724 843 885 913 prodessent,
913 843 957 895 οὐκ
976 844 1004 896 ἂν
1022 843 1046 896 ἐν
1065 849 1093 916 τῇ
1112 845 1267 916 προσκομιδῇ

96 925 306 998 ἓμυημονεύοντο,
332 926 380 979 hoc
407 933 446 980 est
474 928 500 980 in
532 927 671 981 oblatione.
706 927 774 982 Nam
792 927 942 999 προςκομιδὴ
972 935 1011 982 est
1029 929 1163 1000 προςμορά.
1198 931 1268 984 Male

97 1021 192 1066 antem
212 1013 347 1082 interpres,
373 1012 406 1064 Ιιι
429 1031 493 1064 curn
511 1023 535 1065 ct
551 1017 682 1082 exsequiis.
717 1014 863 1084 Scripserat
880 1015 947 1068 idem
965 1016 1124 1069 Athanasius
1142 1015 1219 1086 λόγον
1237 1014 1268 1079 εἰς

96 1099 158 1160 τοὺς
177 1097 346 1168 κοιμηθέντας,
364 1097 439 1167 cujus
457 1099 576 1151 meminit
585 1097 762 1153 Damascenus
774 1101 801 1153 in
810 1100 928 1169 ejusdem
940 1101 1088 1170 argumenti
1100 1102 1226 1166 oratione,
1244 1110 1270 1155 et

96 1185 228 1239 Balsama
246 1183 279 1234 ad
298 1182 362 1236 Gan.
373 1201 408 1236 ιν.
426 1184 516 1253 rlpost,
552 1183 650 1238 Gitatnr
667 1191 693 1236 et
710 1183 848 1254 lipiphauil
865 1186 939 1238 locus
957 1203 991 1238 er
1018 1202 1094 1256 opere
1112 1185 1226 1256 quodam
1243 1191 1271 1239 ιἰι

96 1270 246 1324 Proverbia
264 1268 332 1338 apud
345 1269 511 1322 Anastaslnm
524 1267 651 1322 Nicenum
664 1269 769 1334 Quaest.
784 1288 826 1322 xx.
839 1271 864 1323 in
878 1271 1047 1342 scripturam,
1065 1271 1093 1324 in
1110 1287 1162 1341 qno
1180 1287 1270 1342 preces

95 1374 147 1428 pro
168 1355 279 1408 mortuis
307 1353 530 1407 commendantur.
565 1353 615 1418 Qui
642 1357 714 1408 locus
741 1355 847 1408 totidem
873 1355 927 1408 iere
945 1357 1030 1410 verbis
1048 1358 1157 1427 sparsim
1176 1357 1203 1409 in
1222 1356 1271 1410 hoc
1297 1388 1317 1427 ρ,
1334 1375 1372 1417 see

96 1458 183 1512 epere
211 1441 363 1494 continetur.
398 1439 436 1491 De
457 1444 619 1492 mortuorum
645 1447 779 1510 praeterea
804 1444 1050 1495 commemoratione
1066 1444 1094 1496 in
1112 1443 1270 1496 salutaribus

96 1529 186 1583 sacris
205 1526 323 1579 meminit
341 1524 488 1578 Concilium
507 1525 621 1578 Vasense
639 1527 702 1579 Can.
715 1544 743 1586 ιι,
770 1535 796 1579 et
814 1527 936 1597 Carthng.
950 1545 987 1582 ιιι.
1015 1529 1078 1583 Gan.
1092 1543 1173 1592 xxix,
1192 1535 1219 1580 et
1235 1545 1271 1582 rr.

96 1615 168 1670 Gan.
180 1629 271 1676 cxxix,
289 1617 319 1664 ut
335 1611 387 1664 alia
403 1611 505 1663 infinita
521 1612 734 1680 praetermittam,
755 1613 922 1682 maximeque
940 1613 1099 1667 Graecorum
1118 1630 1149 1668 ac
1166 1613 1271 1668 Latiho·

96 1717 163 1753 rum
190 1694 388 1766 antiquissimas
413 1697 542 1764 liturgias.
577 1695 810 1750 Luculentissimus
837 1715 898 1752 vero
925 1709 965 1752 eet
989 1701 1055 1753 alter
1071 1701 1115 1752 ille
1132 1697 1272 1769 Epiphanii

96 1788 179 1839 lucus
197 1782 269 1838 haer.
281 1801 360 1837 cxxv.
378 1799 450 1836 num.
469 1799 520 1846 νιν,
542 1783 570 1834 in
588 1799 638 1852 qno
657 1788 816 1836 arumnorum
836 1783 945 1854 duplicis
962 1786 1066 1855 generis
1084 1800 1271 1838 commemora-

97 1874 207 1926 tionem
226 1869 253 1922 in
270 1869 398 1923 sacrificio
416 1869 472 1922 lieri
490 1867 572 1932 docet,
587 1869 719 1938 justornm
737 1877 763 1921 et
780 1876 952 1940 peccatorum.
986 1871 1085 1924 Horum
1103 1870 1217 1940 quidem,
1234 1870 1272 1923 nti

98 1959 224 2012 divinam
243 1973 290 2025 pro
307 1956 360 2008 illie
378 1953 583 2008 misericordiam
601 1955 778 2024 imploremus.
812 1955 949 2010 iustorum
966 1962 1053 2011 autem
1070 1973 1100 2010 ae
1112 1963 1272 2022 sanctorum,

97 2053 130 2098 ut
150 2043 288 2112 singulare
307 2040 401 2094 Christi
424 2040 522 2094 domini
540 2040 704 2110 privilegium
723 2047 892 2110 agnoscetur,
915 2043 959 2111 qui
977 2043 1010 2096 ab
1028 2044 1187 2113 reliquorum
1205 2060 1272 2096 mor·

97 2131 200 2184 talium
220 2127 366 2181 conditione
384 2134 547 2196 segregatur.
582 2126 620 2178 De
632 2135 774 2194 martyrum
787 2129 1035 2182 commemoratione
1048 2129 1147 2198 passim
1158 2129 1273 2198 loquitur

98 2215 270 2289 Cyprianus,
287 2219 316 2266 ut
332 2213 359 2264 in
378 2212 425 2281 llp.
438 2229 531 2266 xxxiv:
549 2212 689 2282 Sacrificio
698 2233 748 2282 pro
766 2217 816 2276 eia,
833 2213 930 2284 inquit,
947 2233 1057 2284 semper,
1076 2225 1104 2266 ut
1120 2218 1274 2278 meministis,

98 2306 249 2374 offerimus,
276 2301 371 2369 quoties
397 2305 535 2364 martyrum
558 2303 692 2367 passiones
718 2310 741 2351 ct
767 2301 821 2352 dice
844 2303 1025 2352 anniversaria
1043 2304 1275 2352 commemoratione
1293 2309 1304 2325 ⁸

101 2388 275 2442 celebramus.
311 2383 385 2446 Quod
407 2383 439 2434 ad
462 2383 614 2438 memoriam
633 2384 904 2454 praedicationemque
921 2393 1065 2453 martyrum
1084 2385 1161 2438 debet
1177 2384 1275 2450 reierrl,

101 2470 330 2542 quemadmodum
343 2475 369 2522 et
380 2469 407 2522 in
419 2485 509 2522 eornm
521 2469 660 2522 memorias
672 2470 764 2522 altaria
776 2471 1006 2534 constituebantur.
1023 2471 1162 2540 Angustia.
1174 2471 1218 2524 lib.
1231 2489 1275 2526 xx.

100 2566 200 2614 contra
218 2556 343 2609 Faustum
362 2571 417 2625 eap.
431 2573 485 2608 xxi.
504 2555 628 2606 adversus
646 2555 813 2614 Manichaeos
832 2557 978 2626 disputans,
998 2557 1042 2624 qui
1060 2555 1179 2608 similiter
1196 2561 1276 2625 atque

100 2643 228 2699 hodierni
240 2643 372 2693 στασιῶται
384 2641 524 2694 memorias
538 2647 681 2708 martyrum
699 2641 726 2692 in
743 2640 814 2693 idola
825 2647 973 2694 convertere
989 2639 1129 2694 catholicos
1140 2641 1275 2716 impuden-

100 2729 212 2785 tissime
230 2726 447 2790 criminabantur,
466 2725 505 2778 his
524 2725 609 2778 verbis
628 2725 720 2777 utitur:
739 2725 849 2795 Populus
867 2737 949 2778 autem
963 2725 1125 2778 Christianus
1142 2731 1277 2780 memorias

101 2825 252 2883 martyrum
269 2813 391 2880 relipiosu
409 2813 558 2864 eclerrm'tnte
580 2811 752 2874 concelebrat,
775 2813 852 2862 etad
875 2813 1035 2862 excitandam
1053 2814 1231 2876 imitationem,
1249 2821 1278 2867 at

101 2905 208 2954 meritis
221 2917 304 2952 eorum
316 2901 486 2961 consocietur,
506 2907 579 2964 ratque
597 2896 752 2948 orationibus
765 2897 906 2964 offocetur.
942 2896 986 2947 Ito
1000 2904 1082 2948 toraca
1094 2907 1122 2949 ut
1134 2897 1197 2948 rualli
1208 2916 1277 2949 mur-

101 2999 205 3057 tyrnm,
227 2986 274 3037 sed
293 2987 345 3053 ipsi
366 2985 411 3034 deo
434 2991 574 3050 martyrum
595 2983 781 3048 sacrificemus,
804 2984 916 3048 puemitia
937 2985 964 3032 im
986 2985 1120 3034 memorias
1139 2993 1277 3050 martyrum

100 3077 292 3126 constituamus
314 3070 422 3121 ultoria.
459 3067 522 3128 Quis
544 3071 608 3124 euim
631 3071 770 3120 antichiam
792 3070 819 3118 νἰι
842 3067 904 3118 locis
923 3075 1069 3118 sanctorum
1086 3085 1219 3137 corpoream
1237 3085 1277 3120 us·

99 3165 201 3212 sistens
214 3157 297 3207 altari
307 3155 445 3224 aliqnando
456 3153 534 3204 emet:
551 3151 684 3221 Offere'mua
696 3153 753 3214 tihi,
766 3152 848 3216 Patre,
862 3151 1007 3216 natPaulc,
1021 3161 1065 3204 ant
1075 3151 1219 3222 Cypriane!
1231 3163 1278 3208 etc.

179 3239 337 3294 ‘lindeseiae
360 3237 431 3309 ὕμνοι
449 3235 473 3289 ἐν
492 3236 574 3308 αὐτῇ]
611 3237 649 3291 De
669 3238 797 3291 matutino
824 3253 855 3290 ac
873 3243 1032 3290 caeterarum
1050 3236 1172 3290 horarum
1190 3234 1278 3292 officio

103 3330 254 3398 diligenter
275 3325 303 3378 in
321 3324 467 3378 Annalibus
490 3329 516 3375 et
538 3324 571 3376 ab
589 3324 645 3376 aliis
669 3323 821 3394 disputatur.
856 3323 893 3374 De
911 3323 1084 3376 lncemalibus
1102 3323 1210 3392 psalmis
1229 3322 1279 3376 hoc

101 3412 298 3470 adscribimus:
322 3409 457 3463 Socratem
478 3409 522 3460 lib.
536 3427 560 3463 ν.
579 3425 634 3480 cap.
647 3427 714 3464 xxrr.
736 3425 779 3461 eas
804 3408 934 3478 appellare
956 3408 998 3468 τὰς
1020 3406 1044 3459 ἐν
1063 3411 1115 3469 τοῖς
1133 3406 1279 3478 λυχναψίαις

105 3497 198 3570 εὐχάς.
236 3495 285 3560 Qui
303 3495 399 3548 ibidem
421 3494 493 3547 addit
515 3495 542 3548 in
560 3494 645 3564 Cypro
663 3509 694 3546 ac
711 3493 838 3547 Caesarea
855 3493 964 3546 sabbato
982 3499 1008 3546 et
1025 3493 1156 3548 dominica
1174 3492 1208 3544 del
1227 3495 1280 3562 aspi

100 3583 215 3653 ἑσπέραν
229 3579 289 3650 μετὰ
300 3584 342 3647 τῆς
354 3579 490 3650 aspredine
501 3582 558 3642 τοὺς
571 3579 745 3650 πρεσβυτέρους
758 3579 798 3630 aul
810 3576 957 3638 ἐπισκόπους
974 3578 1016 3638 τὰς
1029 3575 1124 3648 γραφὰς
1136 3575 1279 3648 ἑρμηνεύειν.

101 3665 464 3726 Concil.'lnlet.1.0an.1x.
488 3669 659 3718 lucernarium
681 3665 802 3735 appellat.
838 3663 916 3716 Vetat
937 3664 1007 3716 enim
1026 3668 1160 3734 professas
1181 3674 1225 3716 ant
1243 3667 1279 3714 m·-

100 3761 177 3810 drma
196 3756 264 3806 domi
280 3770 343 3804 sune
361 3753 528 3822 antiphonam
548 3769 602 3803 cnm
621 3755 761 3820 consessore
778 3751 819 3801 vel
833 3767 905 3801 servo
923 3753 1085 3817 arefacere,
1109 3750 1209 3801 οὺοοοεε
1227 3753 1279 3817 epi·

100 3860 187 3912 scopo
211 3839 252 3890 vel
264 3839 421 3906 presbytero.
459 3835 643 3890 Lucernariam
661 3855 730 3898 cero,
751 3835 843 3904 inquit,
868 3839 917 3886 uisi
934 3839 961 3886 iu
979 3835 1088 3886 ecclesia
1106 3853 1153 3886 ιιονι
1170 3835 1279 3902 leputur.

101 3929 145 3982 De
165 3923 289 3978 nouis'et
308 3923 421 3992 vesperis
439 3921 542 3977 Laudic.
560 3921 679 3974 meminit
696 3919 759 3974 Gan.
770 3937 845 3974 xvm.
880 3919 944 3974 Vide
962 3919 1106 3972 etTertull.
1124 3918 1168 3974 lib.
1185 3925 1281 3972 contm

101 4009 215 4084 Psych,
235 4006 385 4077 Agenoreo
402 4008 464 4062 Gan.
477 4025 538 4060 xxx.
