3166 5044
1249 311 1300 368 XV

128 483 160 520 se
175 465 274 520 tslssm
288 469 408 522 veterum
430 465 581 536 opinionem
596 464 699 519 senae
718 464 881 535 praetulisse.
915 465 1001 536 Atque
1017 469 1049 519 ut
1062 479 1152 520 rernm
1168 464 1258 520 Inachi
1274 471 1302 520 et

128 554 289 623 Argivorum
305 552 381 621 regni
397 551 503 606 initium
520 556 637 616 eruatur,
659 550 737 605 buius
760 556 877 606 extrema
892 556 1011 622 tempora
1026 551 1214 622 perscrutanda
1229 557 1301 618 sunt,

130 647 209 710 atque
221 639 250 692 in
261 638 371 692 termino
384 638 471 708 aliquo
484 637 637 708 deligendus
649 643 690 692 est
701 638 811 708 medus,
824 637 893 691 unde
904 637 937 690 sd
949 637 1080 692 anteriora
1087 637 1209 708 progredi
1216 639 1301 692 liceat.

128 727 204 780 Duae
222 725 292 796 apud
302 724 445 777 Eusebium
457 723 592 793 dynastiae
608 724 636 778 in
652 723 769 778 eiusdem
784 723 973 794 propemodum
987 724 1063 795 regni
1078 725 1241 778 successione
1255 743 1300 796 po·

129 818 242 868 nentur:
256 811 413 880 Argivorum
424 825 478 864 una
489 809 605 879 Regum,
615 809 819 879 Mycenaeomm
831 809 922 864 ¹ultera.
948 809 1105 880 A1gisorum
1117 827 1210 881 regum
1221 812 1300 865 series

130 901 164 955 ab
175 897 274 954 hacho
291 902 383 967 coepta
394 896 428 949 ad
440 896 568 949 Acrisium
580 911 664 966 nsque
679 896 804 966 perducta
821 900 873 961 est,
888 910 1041 966 quenquam
1052 896 1140 950 lnaobi
1152 898 1259 968 stirpem
1271 914 1301 951 sc

130 985 261 1041 familiam
276 982 417 1038 Sthenelus
433 982 543 1036 claudit:
561 999 613 1052 qno
630 987 747 1047 mortuo,
764 981 792 1034 in
803 981 925 1035 Danaum
941 983 1109 1052 peregrinum
1126 987 1204 1054 atque
1215 985 1302 1053 Aegy·

131 1073 217 1144 ptium
227 1071 270 1124 ius
281 1075 323 1122 est
333 1070 368 1123 ab
379 1069 483 1138 Argivis
494 1067 597 1140 imperii
606 1068 771 1122 manslatnm.
789 1066 919 1138 Deinceps
930 1083 947 1120 s
957 1068 1047 1122 Denso
1059 1069 1093 1121 ad
1103 1069 1232 1124 Acrisium
1244 1087 1302 1141 pro-

132 1163 230 1230 pagata
246 1155 380 1210 successio
399 1161 446 1210 est.
478 1153 562 1218 Quem
577 1171 638 1207 cum
652 1155 762 1208 Perseus
779 1169 862 1224 nepos
878 1169 925 1224 per
939 1153 1141 1224 imprudentiam
1158 1156 1303 1221 occidisset,

131 1246 258 1314 Mycenes
275 1257 332 1296 sese
350 1241 474 1306 contulit,
490 1240 537 1293 ubi
547 1241 589 1294 rel
606 1239 639 1293 ab
654 1241 713 1310 ipso
724 1239 768 1294 rel
784 1240 818 1293 ab
835 1240 892 1292 eius
909 1239 964 1293 tilio
982 1239 1105 1294 Sthenelo
1123 1243 1303 1296 continuatum

133 1337 172 1384 est
189 1329 349 1398 Argivorum
365 1343 477 1396 regnum
494 1333 521 1380 et
536 1327 711 1397 Mycenaeum
731 1325 900 1396 appellatum.
935 1325 1049 1380 Ultimus
1070 1340 1163 1396 regum
1183 1328 1303 1394 istorum,

133 1417 205 1470 cuius
218 1413 324 1484 quidem
335 1413 462 1466 rationem
473 1412 601 1466 Eusebius
612 1411 721 1477 lrabeat,
737 1412 920 1482 Agamemnon
930 1411 993 1464 init:
1010 1429 1062 1483 quo
1078 1413 1233 1484 interempto
1245 1415 1303 1482 My-

133 1517 288 1556 cenaeorum
299 1513 412 1568 regnum
422 1499 450 1554 iu
462 1498 575 1552 secundo
588 1497 715 1552 Chronico
726 1498 882 1551 terminatur
895 1513 965 1550 anuo
981 1499 1085 1564 eodem,
1102 1515 1154 1569 quo
1172 1499 1304 1552 excidium

132 1587 277 1642 Troianum
294 1584 395 1638 accidit.
429 1585 495 1638 Vide
511 1584 669 1638 Pausaniam
687 1581 867 1638 Corinthiacis.
901 1583 958 1636 Iam
974 1583 1132 1653 Argivorum
1148 1585 1304 1654 Mycenaeo·

133 1689 243 1742 rumque
254 1685 349 1741 regum
361 1671 490 1724 successio
503 1671 629 1740 annique,
646 1669 742 1740 quihus
760 1670 932 1740 imperarunt,
943 1670 1015 1722 sarie
1027 1670 1061 1724 ab
1072 1670 1186 1725 Eusebio
1198 1670 1303 1723 tradun-

134 1765 176 1812 tur
187 1760 216 1812 in
227 1763 339 1827 utroque
348 1755 467 1812 Ghronie.
476 1756 569 1809 libitia
587 1755 655 1809 Nam
666 1756 694 1808 in
706 1755 849 1826 posteriore
860 1755 894 1808 ab
905 1755 1013 1808 exordio
1025 1753 1114 1808 inachi
1124 1756 1304 1810 sd'lroisnum
1329 1774 1350 1813 u·
1361 1763 1392 1802 ¹&

135 1843 228 1908 ἅλωσιν
246 1844 308 1897 anni
325 1841 575 1906 numeranturssib,
591 1841 620 1894 in
636 1841 717 1911 priori
732 1840 790 1894 ete.
816 1840 966 1895 Secundum
983 1841 1133 1911 posterioris
1150 1841 1311 1908 libri-ratio,

136 1933 218 1996 cinis,
231 1947 310 2000 quem
321 1929 459 2000 praecipue
472 1928 615 1998 sequimur,
627 1943 687 1980 cum
695 1927 838 1984 Troianum
847 1925 979 1980 excidium
987 1931 1117 1997 congruet
1127 1943 1196 1981 anno
1204 1926 1303 1998 periodi

134 2016 284 2082 1u1.3530.,
307 2016 399 2069 mnndi
411 2015 500 2080 2800,
521 2013 634 2067 Inachus
652 2031 720 2068 anuo
738 2019 799 2068 ante
816 2011 885 2067 bunc
902 2014 1093 2068 sexcentesimo
1110 2013 1303 2084 septuagesimo

135 2111 227 2177 quarto
241 2103 327 2174 coepit
337 2101 436 2172 periodi
447 2102 495 2156 lul.
506 2099 594 2165 idib,
612 2101 704 2154 mundi
715 2100 795 2154 2126:
813 2107 873 2172 post
884 2099 1010 2154 Elatium
1021 2101 1093 2166 471,
1110 2105 1171 2171 post
1181 2099 1304 2153 Abrasmi

135 2199 221 2247 ortum
236 2191 293 2247 119.
323 2190 440 2260 Cumque
458 2189 590 2243 israelites
606 2205 676 2242 anno
693 2205 747 2260 per.
765 2189 812 2242 lul.
824 2187 913 2253 3183„
930 2189 1022 2242 mundi
1033 2187 1122 2253 2453,
1139 2205 1172 2242 ex
1184 2189 1303 2258 Aegypto

134 2279 317 2349 migraverint,
330 2275 419 2330 inachi
429 2275 597 2347 primordium
606 2277 706 2346 Moysis
716 2277 891 2346 principatum
900 2275 1029 2328 antecedit
1041 2275 1117 2328 annis
1126 2276 1180 2328 lere
1190 2289 1303 2329 cccxxv.

134 2365 248 2420 Tantum
265 2370 383 2418 veterum
406 2365 560 2434 scriptorum
582 2367 609 2416 et
625 2361 763 2435 Epiphanii
780 2359 950 2434 chronologia
970 2377 988 2414 a
1003 2363 1072 2416 seris
1095 2367 1241 2432 temporum
1263 2377 1304 2416 rs·

134 2451 251 2506 tionibus
269 2451 379 2504 aberrat.

204 2531 242 2590 oi
255 2533 362 2606 θνγάτηρ
375 2531 440 2606 Ἴον]
466 2535 537 2591 Haec
550 2551 583 2592 ox
594 2534 701 2590 Eusebii
713 2533 846 2592 Chronicis
859 2536 1015 2608 interpolata
1031 2541 1100 2590 sunt.
1126 2535 1254 2590 Eusebius
1270 2535 1304 2588 ad

136 2641 236 2678 aunum
248 2639 300 2676 cux
318 2622 382 2675 haee
399 2627 487 2675 notat:
514 2623 678 2692 Inachifilia
695 2622 738 2686 Io,
757 2640 831 2690 quom
844 2623 967 2691 Aeyyptii
983 2631 1077 2675 mutato
1095 2626 1192 2674 scominc
1209 2623 1304 2676 Isidem

136 2711 228 2764 colunt.
255 2709 278 2760 A
295 2717 371 2779 patre
388 2708 487 2760 Inacho
505 2708 722 2778 Insciusfluoius
738 2709 918 2777 spectrisque,
932 2709 1016 2777 ofilio
1028 2709 1090 2760 lonc
1103 2707 1232 2777 Bosporus
1243 2725 1304 2759 oan-

136 2804 255 2866 copotor.
279 2795 313 2847 At
324 2811 394 2848 anno
407 2807 574 2850 coeouxxrrc
592 2795 635 2858 lo,
652 2793 750 2863 iuquit,
769 2795 908 2863 Iaeifils'oe
920 2794 1020 2862 Jupiter
1036 2797 1128 2844 methis
1144 2803 1191 2857 cst,
1210 2811 1260 2863 quo
1277 2797 1305 2846 ia

136 2883 235 2944 hovem,
248 2891 275 2933 ut
286 2881 388 2944 dicitur,
399 2899 487 2944 νοντα,
502 2881 632 2950 Bosporos
644 2881 789 2949 appetionis
801 2871 849 2940 est‚·
863 2889 887 2931 ct
895 2880 1030 2931 secusdum
1041 2880 1170 2931 aommilos
1180 2883 1208 2931 io
1219 2880 1304 2948 Aepy·

133 2977 205 3038 parm
213 2970 334 3037 profecta
347 2967 399 3020 lais
411 2976 566 3036 noncupato.
592 2967 623 3020 ln
640 2965 759 3029 Graecis,
776 2980 843 3035 quae
860 2981 892 3017 ex
911 2963 1025 3034 (taorgio
1042 2964 1171 3018 lionaebo
1188 2965 1305 3035 Scaliger

137 3053 315 3118 concinnavit,
327 3069 374 3123 pro
386 3053 437 3106 Iasi
449 3053 574 3123 scriptum
586 3057 626 3104 est
637 3049 744 3121 Ἰνάχου,
763 3051 854 3120 ltaque
867 3049 931 3104 duas
943 3051 1060 3105 eiusdem
1072 3051 1185 3104 nominis
1197 3057 1306 3123 apparet

135 3138 225 3194 luisse.
249 3137 288 3191 De
305 3139 390 3208 priore
407 3139 522 3209 loquitur
539 3135 706 3208 Epiphanius.
730 3137 783 3190 Sed
794 3137 843 3190 hoc
856 3137 887 3190 de
904 3154 952 3190 suo
967 3153 1105 3208 perperum
1122 3136 1226 3203 adiecit,
1244 3155 1304 3192 eso·

137 3223 195 3278 dem
207 3223 340 3278 Atthidem
355 3225 526 3278 nominatam.
556 3223 622 3276 Nem
634 3223 761 3276 Eusebius
778 3239 847 3276 enno
860 3239 917 3278 roxr
933 3221 1027 3276 (tranei
1043 3223 1150 3277 secundi
1165 3223 1305 3278 Athenien·

137 3313 206 3365 dnm
222 3312 294 3380 regis
312 3310 394 3363 filiam
411 3309 542 3363 Atthidem
559 3309 678 3362 extitisse
696 3308 799 3377 scribit,
818 3323 833 3362 s
851 3325 903 3379 qua
916 3309 1004 3362 Attica
1020 3323 1167 3380 cognomen
1185 3311 1305 3376 obtinuit,

138 3413 196 3452 enm
209 3395 336 3450 hactenns
349 3397 412 3450 Acta
424 3401 568 3449 vocaretur.

204 3482 251 3535 lici
263 3480 340 3534 αὐτοῦ
352 3485 395 3534 τοῦ
407 3479 513 3553 Ἰνάχου,
526 3477 650 3552 Ἄπιδος]
676 3481 789 3535 Multum
806 3479 953 3551 Esorepeut
969 3480 1080 3535 loschns
1098 3485 1126 3534 et
1137 3481 1209 3553 Apis.
1237 3479 1305 3536 liam

137 3567 178 3622 hic
196 3570 230 3622 ab
248 3568 293 3621 illo
310 3568 401 3620 tertius
419 3568 503 3622 estin
519 3567 678 3638 A1girorum
694 3567 886 3640 regum‘serie,
907 3583 987 3636 quare
1004 3567 1228 3638 imprudentibus
1244 3569 1305 3638 Epi-

137 3655 232 3724 phanio
251 3653 356 3706 excidit

206 3738 252 3792 liat
264 3737 296 3800 εἰς
309 3737 407 3807 αἱρέσεις
426 3737 595 3808 συσταθέντα]
631 3740 695 3805 Quis
713 3739 762 3794 hoo
779 3745 881 3810 praeter
896 3738 1069 3810 Epiphaniam
1086 3739 1165 3804 dixit,
1182 3739 1306 3808 mysteria

137 3825 196 3890 illa,
219 3841 287 3895 quae
305 3825 339 3878 ab
357 3823 471 3895 Orpheo,
494 3827 652 3896 caeterisque
669 3825 784 3880 Athenas
801 3827 941 3896 importata
958 3825 1073 3890 fuerant,
1090 3823 1305 3896 pbilosophorum

138 3915 221 3964 sectas
235 3925 265 3963 ao
277 3910 402 3980 dogmata
413 3917 589 3982 propagasse?
611 3913 690 3966 Plane
702 3909 751 3965 hoc
763 3911 908 3964 inauditum
920 3927 951 3964 ao
962 3912 1070 3964 mhomc
1083 3925 1182 3980 neque,
1194 3915 1224 3962 ut
1236 3911 1306 3980 quod

20 4065 22 4068 Ι
138 4013 179 4050 ras
191 4002 232 4050 est
243 3995 334 4060 fatear,
347 3997 459 4066 speciem
470 3997 552 4050 ullam
564 3997 753 4066 probabilitatis
765 3997 888 4051 continet.

206 4079 275 4142 Ἕως
288 4083 337 4133 τῶν
349 4081 523 4135 Μακεδονικῶν
535 4083 654 4153 χρόνων]
680 4083 783 4153 Susque
802 4082 884 4153 deque
901 4081 995 4136 miscet
1010 4097 1041 4134 ac
1058 4080 1193 4152 perturbat
1210 4083 1305 4148 omum,

138 4185 190 4222 non
208 4167 295 4221 minus
313 4173 460 4238 temporum
482 4185 561 4238 quam
577 4169 692 4222 veritatis
713 4175 739 4222 et
758 4167 881 4221 historiae
904 4183 1018 4221 securus.
1053 4157 1121 4219 Nam
1137 4167 1306 4222 Macedonica

138 4259 271 4324 tempora,
289 4253 383 4323 quibus
395 4253 532 4324 imperium
544 4253 613 4307 istud
625 4253 724 4320 floruit,
741 4271 757 4307 a
768 4255 865 4308 Xerxis
878 4259 962 4306 aetate
974 4251 1083 4306 nimium
1097 4251 1205 4320 dietam,
1223 4253 1305 4308 multo

138 4341 223 4410 magis
237 4338 525 4394 allabucbodonosore.
554 4339 585 4392 lit
600 4345 688 4392 tamen
705 4340 736 4392 ad
753 4341 799 4392 illa
810 4347 928 4410 tempora
939 4342 1068 4392 sectarum
1079 4337 1209 4410 principes
1219 4337 1305 4393 Philo·

139 4425 235 4497 sopbos
248 4425 367 4478 extitisse
379 4425 461 4478 docet
482 4426 550 4478 Haec
562 4430 623 4478 sunt
634 4425 828 4479 inextricabilia.

206 4509 314 4562 Πλάτων
326 4507 373 4580 γὰρ
385 4511 439 4562 κατ’
451 4507 541 4562 ἐκεῖνον
553 4509 596 4562 τὶνν
608 4511 712 4579 καιρόν]
736 4511 816 4575 Toto,
834 4511 931 4580 inquit,
948 4509 994 4564 illo
1011 4511 1094 4582 spatio
1111 4509 1184 4564 Plato
1202 4516 1229 4564 et
1245 4515 1305 4564 aule

138 4595 208 4652 boue
218 4595 395 4667 Pythagoras,
411 4611 442 4651 ac
459 4602 519 4668 post
533 4597 608 4651 illum
624 4595 752 4667 Epicurus
770 4596 882 4652 emersit.
908 4596 1041 4652 Xerxisua
1058 4612 1089 4651 so
1099 4594 1305 4653 Nabuchodono-
