3126 5046
347 281 478 341 comt

345 441 433 510 itsque
442 436 476 501 ὡς
485 435 624 510 Ἐπιφάνιος
634 437 696 492 κατά
705 437 832 509 Καθαρῶν.
848 438 996 494 Ridiculum
1008 445 1048 494 est
1057 440 1139 511 igitur
1146 439 1288 496 comtum
1296 439 1370 494 illum
1377 439 1477 496 metiendi

345 541 444 578 morem
456 541 490 578 ex
502 523 645 595 Epiphanio
658 523 808 578 Norutienis
820 525 911 590 tiburi,
923 525 955 579 ds
967 542 1018 596 quo
1030 541 1164 596 nunquam
1177 526 1309 596 cogitnuit
1344 525 1372 579 ln
1383 525 1476 580 illudo?

345 609 477 664 Sirmondi
488 611 519 664 de
532 605 672 680 όδωναρίοις
684 609 748 664 illud
760 611 872 680 emplius
884 611 998 666 exiebat.
1019 609 1152 680 Ὀδονάρια
1164 617 1190 665 et
1202 607 1298 680 όδόνια,
1312 609 1432 682 όφόοματα
1440 609 1476 664 in·

345 695 425 766 μνίκη,
436 694 452 747 δ
463 695 503 748 καί
516 690 602 766 όρίιρια
613 691 679 765 παρὰ
691 697 762 747 τινῶν
774 694 877 766 λέγεται·
891 700 968 748 ταῦτα
984 694 1010 748 di
1023 694 1046 748 ci
1057 693 1088 758 είς
1100 695 1129 748 τ“ο
1141 693 1264 748 Παλάτιον
1276 693 1381 758 ιίςίοντες
1392 695 1476 766 copule·

342 797 404 832 τικοι
421 779 599 851 ἐπιφερόμενοι,
617 777 642 832 ἐν
660 779 743 841 αὐτοῖς
761 777 984 850 καλάπεμιίττοντο
1001 780 1198 848 saliniensem]
1233 779 1423 836 Observandum
1431 799 1476 836 ruo

343 867 417 918 κόδια
429 867 477 934 (its
489 865 558 919 euim
571 865 620 919 lroc
631 867 689 920 loco
698 867 750 936 leg.
760 883 806 937 pro
816 865 899 936 πῶια)
911 883 969 920 eum
982 863 1092 928 dioclete
1104 873 1131 920 et
1142 865 1240 936 βράκαις
1251 868 1395 938 promiscue
1405 867 1477 938 script
1550 927 1551 930 γ

267 959 268 964 ’
342 953 389 1006 etsi
401 953 503 1022 proprie
513 951 587 1003 πόδια
600 951 709 1021 pedum,
726 949 814 1022 βράκαι
828 951 953 1005 feminum
966 958 1118 1022 tegumenta
1130 953 1191 1005 siut
1215 951 1309 1006 Pollux
1317 953 1479 1024 tienoprr.

342 1037 528 1092 coemerint
539 1053 596 1091 esse
608 1035 664 1098 τοὺς
676 1036 730 1106 περὶ
742 1039 792 1097 τοῖς
805 1037 862 1088 ποσί
875 1035 972 1106 πιλους,
991 1054 1058 1107 quse
1069 1035 1199 1106 Aechylus
1215 1036 1323 1108 πόλυτρα
1339 1045 1420 1092 τουτί.
1447 1037 1481 1091 δίο

340 1122 451 1192 Hesyuh.
469 1121 553 1192 βράκες
570 1121 713 1192 ἀναξυρίδες.
741 1121 774 1175 Et
784 1121 848 1176 olibi
859 1117 994 1192 ἀναξυρίδες
1007 1119 1139 1193 φημινάλια
1151 1121 1238 1192 βροκία
1250 1121 1397 1193 βαρβαρικά,
1407 1121 1484 1192 ἔνδυμα

341 1208 425 1260 ποδῶν
437 1206 584 1278 ὑποδήματα
596 1205 698 1276 βαδέαῆ
714 1205 835 1275 βασιλικά.
868 1205 919 1260 Ubi
928 1204 1081 1278 ἀναξυρίδας,
1093 1223 1160 1278 ques
1171 1208 1306 1264 temeretis
1317 1215 1391 1274 suut,
1401 1209 1484 1262 calcet·

340 1301 429 1347 ments
440 1309 544 1364 quoque
555 1291 628 1356 iacit,
642 1292 781 1362 etquidem
794 1291 882 1362 βαδίιι,
894 1297 924 1346 ut
935 1309 951 1346 α
961 1293 1039 1346 soleis
1051 1291 1207 1362 distingunt,
1222 1309 1290 1364 quse
1300 1294 1395 1365 plenus
1405 1295 1487 1366 pedum

340 1380 498 1450 suppositae.
533 1378 611 1432 Porro
627 1377 697 1448 quod
714 1378 750 1430 nit
760 1375 919 1448 Epiphanius
935 1375 966 1429 τά
977 1375 1002 1438 ἐξ
1013 1375 1115 1448 ἱματίων
1131 1379 1291 1450 γεγενημένα,
1307 1396 1357 1432 nos
1373 1377 1439 1452 ίρίων
1454 1379 1487 1432 rel

340 1464 476 1536 διρματίων
485 1463 624 1535 uliqucudo
633 1463 685 1534 leg.
695 1463 853 1518 censuimus.
872 1463 923 1516 Sed
931 1463 1040 1516 semeso
1049 1464 1153 1516 retineri
1162 1465 1243 1518 setius
1255 1471 1308 1530 est,
1319 1472 1350 1518 nt
1359 1461 1440 1535 ἱμάτια
1448 1481 1487 1536 pro

339 1552 433 1624 pennis
445 1559 589 1615 sumentur,
601 1564 667 1621 quoe
679 1553 720 1602 est
730 1549 858 1618 impilium
870 1549 979 1602 istorum
988 1548 1155 1618 udonumqoe
1166 1549 1282 1602 momnis.
1303 1549 1363 1604 Non
1377 1550 1444 1604 enim
1456 1550 1488 1604 lu

340 1637 407 1690 scies
419 1637 524 1708 pedules
535 1633 577 1689 hic
590 1651 647 1688 esse
659 1639 734 1705 puto,
752 1633 798 1687 sed
811 1633 887 1703 βαδία
898 1633 1057 1704 ὑποδήματα,
1073 1632 1123 1688 hoc
1134 1641 1175 1688 est
1186 1650 1275 1689 soccos
1286 1634 1390 1702 laneos,
1405 1635 1487 1708 quitur

338 1725 493 1787 calceentur,
505 1737 558 1775 non
569 1720 742 1774 obvolvuntur
750 1717 837 1792 pedes.

406 1805 438 1863 N.
449 1825 507 1862 rm.
526 1803 582 1858 Ἔτι
592 1805 619 1858 δὲ
631 1803 654 1858 ol
665 1802 689 1856 io
701 1809 731 1876 τῇ
743 1803 864 1876 ’Appiam
881 1805 919 1860 De
931 1805 1073 1860 Donstistis
1085 1805 1216 1860 levissime
1227 1805 1378 1877 deiungitnr
1388 1805 1487 1878 lipiplt·

339 1895 411 1960 nius3
423 1891 493 1964 quod
501 1893 607 1951 illorum
615 1891 734 1944 lortessic
742 1907 841 1945 errores
850 1890 919 1944 bend
927 1892 990 1944 sotis
1000 1897 1167 1961 compererat.
1186 1892 1263 1962 Atqui
1274 1891 1488 1962 praeunctum

274 2014 279 2025 ·
339 1987 365 2034 et
376 1979 534 2050 pertinacem
545 1993 561 2029 α
571 1977 677 2046 reliquis
690 1977 863 2030 secessionem
874 1977 1001 2030 nonnulle
1011 1975 1043 2029 de
1053 1977 1086 2032 iis
1098 1977 1238 2046 pecoliaris
1248 1976 1300 2030 dici
1311 1986 1424 2048 possem
1445 1977 1488 2032 Sed

340 2081 373 2118 ex
386 2063 486 2135 (ipati,
503 2061 644 2132 Augustini
660 2061 821 2132 aliorumque
838 2062 941 2133 scriptis
957 2068 1013 2116 tum
1030 2079 1064 2116 ex
1080 2061 1177 2117 Eccles.
1188 2061 1332 2117 mentor
1348 2064 1402 2134 peti
1413 2063 1488 2118 omnit

339 2153 455 2220 possunt

626 2319 670 2373 AD
688 2318 862 2373 HAEREsm
877 2319 942 2384 Lx„
960 2317 1212 2374 Auenticum

408 2421 447 2476 De
459 2419 499 2476 his
511 2421 623 2492 August.
636 2419 706 2476 hser.
716 2440 807 2476 mix.
825 2423 958 2490 Anpelc'ci,
970 2423 1066 2494 iuquit,
1078 2428 1105 2475 εἰι
1118 2425 1261 2492 nupciarum
1271 2423 1363 2475 colmm
1372 2424 1487 2484 inclinati,

341 2527 401 2578 quos
412 2507 575 2578 Epiphanius
586 2511 638 2560 iam
651 2511 747 2560 ονοαίνιο
760 2509 881 2576 defecisse
893 2517 1006 2562 testatur.
1030 2508 1134 2562 Cultum
1145 2506 1187 2561 hic
1199 2506 1240 2574 τὴν
1250 2505 1363 2577 λατρείαν
1374 2507 1487 2576 intellige.

339 2593 398 2648 Alis
410 2595 458 2645 τῶν
471 2590 619 2664 Ἀγγελικῶν
631 2593 702 2646 notio
716 2593 749 2646 sb
760 2593 812 2645 loci
822 2593 956 2647 cuiusdam
967 2595 1072 2647 nomine
1083 2609 1189 2664 prorsus
1199 2593 1346 2649 reiiciende.

601 2781 645 2836 AD
664 2781 836 2836 etsensim
852 2779 929 2848 ixi,
946 2779 1235 2836 APOSTOLIGORUM.

405 2883 436 2939 N.
446 2903 484 2938 m.
496 2883 541 2936 lici
551 2881 581 2936 τά
589 2882 774 2955 implicuere]
793 2884 846 2937 Nos
855 2885 978 2954 pleraque
987 2885 1171 2938 vocabulorum
1182 2885 1291 2939 istorum
1300 2885 1488 2956 explicuimus,

338 2969 467 3039 quomodo
478 2969 619 3039 potuimus.
652 2969 763 3023 Felioius
780 2969 807 3022 id
820 2971 991 3039 praestabunt
1002 2971 1047 3024 olii
1058 2971 1151 3040 quibus
1164 2987 1195 3024 ee
1206 2971 1308 3024 notiore
1318 2969 1422 3024 luerint
1445 2969 1488 3022 Pro

337 3053 503 3124 ἐγκυλίεματα
514 3055 665 3124 suspicabar
676 3055 727 3124 leg.
739 3053 892 3124 χελόοματα,
904 3071 971 3124 quae
983 3061 1044 3109 eunt
1055 3055 1153 3108 Polluci
1164 3056 1207 3111 lib.
1216 3073 1231 3108 ι.
1242 3071 1340 3125 oeprx.
1350 3058 1488 3108 εταιαοιίαα.

337 3141 370 3192 At
382 3156 427 3209 pro
441 3133 527 3206 ὀκνῶν,
547 3135 636 3206 όλκῶν,
654 3155 719 3208 quae
731 3141 797 3192 inter
809 3137 908 3190 ναυτικὰ
920 3139 993 3206 οκόυη
1006 3141 1039 3192 nb
1052 3131 1142 3194 eodem
1154 3145 1337 3211 percenseatur
1348 3141 1393 3196 lib.
1402 3158 1427 3194 n
1438 3155 1489 3210 cup.

337 3241 399 3278 xxx.
424 3223 456 3276 lit
466 3223 559 3276 Suidas
572 3223 608 3276 eit
619 3240 676 3276 esse
688 3223 716 3274 ro
728 3227 770 3290 τῆς
782 3224 901 3293 πρόπιδος
913 3221 1014 3295 ἔκταμα.
1036 3224 1170 3279 Postremo
1183 3223 1262 3296 αὐχὴν
1273 3224 1373 3278 Polluci
1384 3241 1443 3297 pers
1454 3229 1490 3278 est

337 3308 463 3380 quaedam
476 3309 554 3374 clevi,
570 3309 624 3362 sire
640 3309 817 3378 gubernaculi.
850 3308 985 3364 Eustethio
997 3327 1058 3362 reto
1071 3308 1149 3380 αὐχὴν
1162 3317 1188 3364 et
1198 3309 1310 3381 αδχόνιαν
1321 3327 1368 3382 pro
1379 3315 1435 3365 toto
1446 3325 1490 3380 gu·

336 3393 473 3448 herunculo
486 3395 607 3446 sumitur:
621 3394 690 3464 qood
704 3393 763 3446 buio
774 3395 831 3447 loeo
843 3412 896 3448 nou
908 3395 1033 3464 congruit

405 3477 436 3534 N.
445 3497 480 3532 νε.
499 3479 540 3530 uo
552 3477 578 3531 δὲ
590 3477 630 3530 καί
643 3479 776 3550 παραδόσει
788 3479 939 3550 κεχρῆσθαι]
955 3479 1068 3550 Insignis
1079 3478 1121 3532 hic
1132 3479 1204 3534 locus
1217 3478 1249 3532 ad
1261 3480 1490 3535 ecclesiastieorum

335 3563 501 3618 consonum
512 3565 674 3617 autoritatem
688 3564 860 3619 asserendam.
880 3564 928 3618 Cui
936 3581 1075 3634 germanus
1087 3565 1181 3618 ostilio
1193 3563 1283 3618 Bmilii
1294 3565 1327 3618 sd
1339 3566 1450 3636 Amphil.
1461 3563 1489 3616 de

252 3697 256 3706 .
336 3649 433 3720 Spiritu
445 3648 552 3702 Sancto:
569 3652 618 3700 τῶν
630 3646 653 3700 ἒν
666 3653 694 3719 τῇ
707 3646 824 3720 ἐκκλησίᾳ
836 3649 1028 3720 πεφυλαγμένων
1040 3647 1172 3720 δογμάτων
1184 3649 1223 3702 καί
1234 3649 1398 3720 κηρυγμάτων
1409 3649 1439 3702 τδι
1450 3647 1490 3719 μὶν

335 3733 362 3788 ds
374 3737 415 3802 τῆς
427 3731 550 3804 ἐγγράφου
564 3733 719 3795 διδασκαλίας
731 3731 828 3804 ἔχομεν,
846 3732 877 3785 τὰ
889 3732 915 3786 dl
926 3732 952 3786 ix
965 3737 1006 3801 τῆς
1019 3739 1067 3786 τῶν
1079 3732 1226 3788 ἀποστόλων
1238 3735 1398 3806 παραδόσεως
1411 3734 1490 3788 διαδο-

335 3820 406 3872 θίντα
416 3817 473 3889 ἡμῖν
486 3817 509 3870 ἐν
522 3819 646 3889 μυστηρίῳ
659 3817 845 3890 παρεδεξάμεδα·
857 3816 917 3890 άπερ
934 3815 1058 3890 ἀμφότερα
1075 3818 1117 3886 τὴν
1134 3818 1207 3886 αὐτὴν
1220 3817 1290 3890 ίοχδν
1306 3816 1357 3891 dxci
1373 3819 1433 3890 πρδς
1448 3816 1489 3882 τὴν

335 3905 463 3975 εὐσέβειαν,
476 3903 516 3956 καί
528 3905 621 3964 τούτοις
634 3903 710 3965 οὐδείς
723 3903 825 3974 ἀντερεῖ,
844 3901 904 3964 δςτις
921 3922 948 3974 γε
961 3907 1005 3972 κᾷν
1017 3900 1079 3956 κατά
1091 3904 1175 3975 μικρὸν
1185 3908 1244 3974 γοῦν
1256 3904 1352 3974 δεσμῶν
1364 3902 1489 3969 ἐκκλησια-

336 3993 425 4043 στικῶν
443 3993 591 4060 πεπεῑραται.
615 3989 679 4042 Vide
696 3996 803 4042 caetere„
839 3988 888 4042 Ubi
904 3989 1054 4043 traditiones
1070 4006 1122 4042 nou
1137 3989 1195 4042 illes
1211 3995 1313 4042 tuntum
1329 3987 1451 4044 adsciscit
1465 3990 1490 4038 et

280 4129 286 4139 ,
334 4077 493 4130 necessarias
511 4091 567 4128 esse
585 4074 710 4138 defendit,
732 4091 798 4144 queo
815 4073 848 4126 ed
865 4075 929 4128 ritus
948 4065 1331 4146 caeremoniasque'pertinont,
1348 4075 1394 4128 sed
1411 4074 1489 4127 susm

336 4176 400 4230 quse
412 4161 535 4232 dogmate
546 4159 607 4213 fidei
618 4176 647 4212 οο
659 4159 760 4212 decreta
771 4159 912 4214 continent.

584 4346 630 4400 AD
646 4345 819 4402 mutusne
835 4347 924 4414 Lm,
946 4347 1237 4403 stentttttionuts.

402 4446 433 4504 N.
447 4467 481 4502 ιν.
503 4448 548 4502 Ἐκ
560 4448 651 4519 πατρὸς
661 4449 700 4502 καί
713 4449 785 4517 tou]
819 4450 924 4520 Aliquot
940 4451 1003 4504 locis
1020 4451 1179 4522 Epiphanius
1196 4449 1316 4522 spiritum
1337 4455 1455 4506 seuctm
1470 4460 1488 4497 ⁸

335 4538 407 4603 petre
419 4539 443 4586 et
454 4533 508 4586 filio
519 4534 656 4602 procedere
667 4537 801 4606 perspicue
811 4541 927 4600 testetur,
939 4537 1090 4606 praesertim
1101 4537 1128 4592 in
1140 4539 1277 4591 Ancorsto.
