3104 5038
1097 328 1265 388 cmxxxv

105 499 171 556 quoe
182 482 232 538 hac
241 485 270 538 in
280 482 382 540 bearem
392 484 434 538 vel
444 484 569 538 merrime
579 485 726 555 impugnat,
735 485 822 538 lautor
833 500 863 538 ac
874 489 998 555 patronue
1009 485 1137 551 extiterit,
1147 485 1266 540 minime·

104 585 155 638 que
167 568 318 624 catholicoe.
340 570 445 624 Etenim
453 569 521 624 nihil
532 569 602 624 uliud
612 575 670 624 tota
680 569 728 624 bac
739 571 886 624 narratione
897 587 981 640 aeque
995 571 1029 624 ad
1044 587 1116 626 num.
1127 589 1203 626 nuru.
1219 587 1267 642 pu·

104 660 182 724 gnat,
199 671 278 725 quarn
291 653 376 725 ὅμοιον
388 656 452 708 κατὰ
463 653 508 722 τὴν
518 654 615 724 edelar,
632 655 659 708 id
676 661 716 710 eat
726 656 873 709 aubetantia
883 656 995 710 aimilaur
1008 671 1066 710 eeea
1077 656 1158 727 patria
1170 655 1267 722 filium
1309 694 1313 704 .

105 739 135 794 da
148 737 276 810 bunoculo
288 757 349 796 tero
361 742 444 796 altum
455 741 552 812 ubique
563 741 703 794 ailentium.
730 740 867 794 Praeterea
877 740 927 794 boc
938 741 996 810 ipao
1007 757 1116 796 numero
1127 742 1176 794 aub
1188 741 1267 796 tinem

104 827 153 890 ait,
164 825 249 880 filium
261 824 355 880 ἀκούειν
366 831 411 879 τοῦ
423 826 528 896 narp‘oe,
541 826 581 879 aed
590 824 720 896 ὑπουργεῖν
731 831 769 896 τῷ
781 824 875 902 nurui„
886 829 1044 892 neeculturc,
1055 825 1105 880 hoc
1116 832 1157 880 eat
1167 827 1268 880 obedire

105 920 129 962 et
137 914 288 964 ministrare
296 917 379 982 putri.
402 911 519 982 Itemque
530 927 602 966 uum.
611 929 686 966 xvrrr.
699 917 772 982 pater
783 911 876 965 dicium
887 910 1031 972 αὐθεντικῶς
1043 915 1128 982 ποιάν,
1140 913 1211 966 filine
1223 910 1268 964 oda

104 994 264 1065 ediceremus,
280 995 338 1048 ἀλλ’
350 995 513 1068 innoeentes.
536 997 611 1061 Quod
625 1013 703 1050 namo
720 998 772 1050 nisi
783 997 895 1050 Animae
913 997 1015 1050 dixerit
1037 998 1106 1052 'lum
1116 999 1213 1068 ubique
1224 995 1268 1050 ed-

104 1095 196 1135 aereue
209 1082 356 1136 Anomoeoe
373 1083 445 1136 eoloa
462 1081 590 1153 disputat,
607 1098 687 1152 quam
703 1080 746 1150 ria
758 1087 799 1134 νῦν
811 1079 972 1152 antemnam
984 1081 1171 1152 deterrebant,
1189 1101 1270 1154 emper

105 1177 220 1220 menam
231 1167 370 1231 lammae,-
386 1174 498 1223 utnum
508 1185 565 1222 xm.
578 1175 681 1222 autorea
692 1169 763 1238 ipaoe
775 1167 872 1228 καινοὺς
884 1165 1022 1238 amarante.
1057 1168 1123 1222 Item
1139 1185 1213 1223 num.
1224 1187 1268 1224 xv.

105 1251 288 1308 cunctantium
298 1269 457 1324 magnopere
469 1252 605 1319 collaudat,
618 1253 687 1322 qaod
695 1253 779 1307 lilium
789 1253 856 1322 patri
864 1267 910 1323 per
919 1253 1008 1308 omniu
1018 1253 1131 1308 eirnilam
1142 1271 1198 1308 oeae
1208 1271 1269 1324 pro·

104 1337 279 1402 nunciaverit,
297 1349 325 1392 ut
341 1357 399 1404 ace,
416 1339 550 1410 inquiunt,
567 1341 691 1394 cuttota'ee'
702 1341 835 1394 crederer.
869 1338 942 1392 ltane
954 1345 1000 1392 aut
1010 1336 1152 1394 catholicae
1164 1341 1197 1394 ab
1208 1339 1269 1410 Epi-

103 1421 202 1492 phanio
214 1422 318 1478 habitur
331 1430 370 1478 eet
382 1423 563 1490 Gonatantiue,
580 1429 627 1478 aut
643 1423 799 1478 catholicum
810 1423 874 1478 illud
885 1430 927 1478 eet
937 1424 1047 1494 dogma,
1064 1425 1120 1478 aine
1137 1425 1191 1478 ulla
1207 1441 1270 1480 cou-

104 1509 285 1562 eubatantialie
296 1511 427 1564 mentione
437 1510 521 1564 filium
531 1510 600 1580 patri
612 1509 740 1564 duntaxat
750 1509 863 1564 similem
874 1525 933 1564 eeee
944 1511 1108 1564 eubetautiat
1128 1509 1269 1580 Nunquam

104 1593 130 1646 id
146 1593 310 1665 Epiphaniae
326 1596 457 1651 scriberet.
493 1595 578 1658 Quare
588 1595 818 1650 truatrahactenue
832 1611 922 1648 omuee
934 1595 1052 1648 arbitrati
1062 1601 1124 1648 eunt
1134 1595 1198 1648 bueo
1208 1595 1269 1666 lipi-

104 1677 196 1748 phauii
206 1695 273 1746 mee,
286 1697 351 1750 quae
363 1680 525 1734 euntBaeilii
535 1697 565 1734 ao
575 1681 804 1734 Samiariauorum.
822 1679 896 1742 Quod
905 1681 1009 1750 quidem
1019 1685 1074 1734 tam
1085 1685 1155 1734 certo
1167 1697 1185 1734 a
1192 1681 1268 1734 nobie

105 1763 332 1832 demonstrabitur,
349 1783 427 1820 nemo
442 1771 473 1819 ut
483 1765 609 1835 refragari
619 1766 715 1836 poenit,
732 1765 784 1819 nisi
796 1767 840 1834 qui
851 1765 957 1818 meridie
968 1766 1053 1819 lucere
1065 1771 1151 1836 negat
1185 1766 1269 1835 igitur

104 1866 178 1904 aare.
190 1869 209 1905 r.
226 1851 276 1904 eub
290 1851 371 1906 finam
388 1851 453 1906 duae
467 1868 496 1906 ae
507 1853 630 1922 epistolae
642 1851 770 1905 subiicere
781 1851 925 1921 profitetur,
942 1867 1023 1904 uuam
1039 1849 1143 1914 autri,
1160 1851 1269 1906 alteram

104 1935 200 1990 Basilii
217 1952 248 1989 ac
267 1935 374 2006 Georgii
392 1936 532 1990 Laodiceni
551 1941 763 2005 caeterorumque
783 1935 1011 1990 semiarianorum.
1045 1937 1144 1992 Harum
1163 1936 1270 2006 priora

105 2037 179 2075 uuna
189 2039 219 2076 u.
231 2022 265 2074 ad
276 2039 323 2075 nn.
335 2039 418 2092 neque
431 2023 587 2076 subtexitur.
623 2021 744 2075 Secunda
754 2022 828 2076 nulla
839 2022 890 2074 alia
901 2028 953 2088 eet,
964 2023 1015 2076 uiai
1027 2037 1094 2091 quae
1105 2023 1139 2076 ab
1151 2020 1200 2076 hoc
1210 2023 1268 2092 ipeo

105 2123 178 2160 num.
188 2125 237 2162 xn.
248 2106 370 2178 deinceps
382 2108 508 2178 sequitur.
539 2106 615 2171 Quod
625 2123 689 2160 eane
701 2108 766 2160 citra
777 2107 917 2177 ambagem
928 2123 1031 2163 omnem
1042 2107 1203 2178 Epiphaniae
1213 2108 1269 2178 ipae

105 2191 249 2261 significat,
265 2194 310 2263 qui
326 2209 484 2247 numnam.
496 2199 557 2263 poet
567 2193 674 2262 longam
685 2193 758 2246 illam
775 2192 976 2262 &putationem
993 2207 1010 2244 a
1026 2210 1073 2248 m
1085 2209 1193 2246 numero
1210 2209 1269 2263 pro·

104 2277 219 2348 potitam
236 2279 273 2332 ita
288 2277 415 2348 loquitur:
438 2271 515 2332 titur
532 2277 557 2330 al
573 2275 699 2330 tremelai
716 2275 882 2347 μιτετάγησαν
894 2276 956 2348 πρὸς
967 2275 996 2330 τ“ο
1008 2274 1095 2330 aldiran
1105 2277 1208 2332 ἕκαστον
1220 2281 1269 2332 τῶν

106 2361 262 2433 addiderat:
286 2363 347 2416 Hae
354 2383 435 2434 porro
447 2365 568 2434 epietolue
581 2383 598 2416 a
610 2364 680 2418 notia
691 2363 734 2418 laa'c
746 2371 858 2418 attextae
867 2373 927 2416 aaut
936 2372 983 2418 etc.
1018 2362 1088 2434 Ergo
1100 2365 1186 2434 platee
1198 2371 1269 2420 ante·

105 2453 242 2502 mearunt
250 2448 386 2518 epistolae.
410 2447 544 2512 Quaenam
554 2455 644 2502 autem
655 2449 737 2502 altera
748 2454 799 2513 eet,
816 2449 869 2502 niei
884 2449 1020 2518 illaquam
1032 2449 1157 2515 diximue,
1175 2465 1242 2520 quae
1254 2467 1271 2504 a

106 2549 178 2588 nucu.
187 2549 235 2594 arr.
247 2533 281 2586 ad
291 2551 367 2588 mu.
379 2535 511 2588 excluaiae
523 2535 686 2588 continetur?
709 2533 749 2588 lta
764 2533 880 2604 proiecto
892 2550 951 2588 aeae
961 2549 1003 2587 ree
1020 2532 1106 2588 habet.
1138 2535 1270 2590 librario-

105 2635 165 2672 rum
183 2635 215 2672 aa
231 2620 309 2689 culpa
324 2619 385 2683 luit,
403 2620 449 2689 qui
465 2620 545 2690 priori
561 2620 686 2690 epistolae
703 2618 844 2687 synodicae
861 2617 1048 2672 enbeerittnde
1064 2617 1128 2673 haee
1145 2625 1270 2690 putarunt

106 2704 207 2758 omnia:
225 2701 374 2775 Ἔκληρώθη
386 2707 436 2756 τῶν
448 2704 502 2775 nepl
513 2703 648 2773 Raeticae,
660 2703 701 2756 aul
712 2703 833 2772 Γιώργιον
845 2700 859 2754 ὁ
872 2701 1099 2773 incuruiceruicum.
1125 2703 1200 2766 Quod
1212 2721 1270 2758 em

106 2789 214 2854 taleam,
232 2806 314 2844 unum
329 2789 394 2842 illud
405 2795 559 2859 argumento
571 2789 692 2860 estquod
703 2805 756 2844 non
768 2805 785 2840 a
797 2787 910 2858 Georgia
922 2787 1048 2857 synodica
1055 2789 1102 2842 illa
1113 2789 1211 2859 ecripta
1221 2796 1269 2856 eet,

106 2875 152 2928 aed
168 2891 202 2928 eo
219 2876 341 2940 amente,
357 2875 466 2944 eiuequa
481 2876 615 2930 literarum
633 2875 767 2928 counione
783 2889 800 2926 a
810 2872 908 2926 Basilio
919 2889 950 2926 ac
961 2873 1067 2942 reliquie
1078 2874 1197 2942 Ancyrae
1208 2892 1269 2930 cou-

107 2961 223 3030 gregatis
235 2965 276 3012 eat
287 2960 368 3024 edita,
379 2965 409 3014 ut
418 2961 493 3014 initio
505 2965 640 3014 testantur.
664 2959 837 3024 Quamobrem
848 2959 886 3011 ita
896 2957 1108 3028 distinguendum
1125 2965 1165 3014 eat
1176 2957 1269 3028 ’Eule-

107 3043 183 3114 ρώθη.
213 3045 269 3098 Hoc
282 3051 333 3098 eat:
352 3046 484 3100 Hectoreae
495 3047 602 3116 apianice
612 3047 743 3112 synodica.
772 3045 840 3099 'lum
852 3044 1061 3114 quadreliquum
1072 3047 1219 3100 eetlemnra
1229 3053 1270 3100 aet

106 3129 239 3200 aequantia
255 3131 456 3186 diaeertaldouiec
474 3133 523 3182 τῶν
542 3130 595 3200 περὶ
609 3129 735 3182 Βασίλειον
747 3129 788 3182 καὶ
800 3127 921 3200 Ptolemae
933 3127 947 3182 ὁ
959 3129 1190 3202 ὑπομνηματισμόςι
1215 3133 1270 3186 Bra·

105 3218 161 3268 ar'lr'e‘
171 3235 206 3268 nc
219 3217 326 3285 Georqe‘r'
337 3221 537 3271 commentemur.
570 3215 629 3270 Non
645 3216 715 3270 onim
726 3221 781 3270 tam
797 3221 838 3270 aet
852 3216 975 3285 epietela,
994 3231 1073 3285 quam
1089 3215 1150 3270 fidei
1166 3217 1270 3272 uberior

105 3301 317 3372 mauriliacum
329 3319 419 3356 eorum
430 3303 587 3367 uenatione,
599 3301 705 3370 quaein
715 3317 784 3354 nova
792 3300 881 3356 Sirmii
892 3301 1071 3371 componenda
1081 3303 1194 3358 formula
1203 3304 1270 3360 intm
1294 3323 1317 3364 a.
1325 3311 1371 3354 aaa.

106 3385 256 3452 Ureaciunr,
265 3387 401 3442 Valentem
414 3392 440 3440 et
450 3386 590 3450 Racilium,
604 3386 747 3456 Georgium
757 3403 788 3440 ac
800 3386 977 3440 Samiarinnoe
988 3387 1102 3456 reliquoe
1114 3388 1269 3444 acciderant

106 3471 262 3542 Quanquam
279 3473 365 3543 potuit
380 3471 423 3526 bio
439 3473 496 3542 ipae
512 3473 742 3526 commentariolue
758 3472 883 3543 epistolae
900 3473 982 3526 inetur
999 3473 1033 3526 ab
1044 3473 1213 3528 orientalibua
1224 3474 1270 3530 Se-

104 3558 241 3612 ruiariauie
258 3557 292 3612 ad
306 3557 471 3612 Ariminenee
487 3558 626 3612 concilium
643 3563 670 3610 ct
686 3557 858 3610 occidentalea
876 3557 1011 3628 epiecopoe
1027 3558 1104 3612 mitti.
1137 3559 1205 3614 Nam
1221 3561 1270 3615 eub

104 3641 176 3696 idem
186 3649 291 3713 tempus
301 3644 461 3713 perecriptue
472 3643 574 3696 ridetur
590 3659 642 3712 qno
653 3643 749 3696 Valeria
766 3642 790 3696 ei
803 3642 930 3696 formulae
941 3643 1105 3698 aubecribere
1116 3645 1150 3698 ab
1160 3645 1270 3716 impera-

105 3733 162 3782 tera
179 3734 287 3782 eoactue
303 3734 355 3793 cet,
373 3745 441 3798 quae
457 3727 541 3782 filium
557 3744 603 3797 par
621 3729 709 3782 omnia
725 3727 805 3797 patrie
823 3743 881 3782 eeea
898 3728 1012 3782 eimilem
1027 3727 1172 3795 amabat,
1190 3736 1219 3783 ut
1235 3747 1270 3784 ex

104 3829 179 3868 aaut.
188 3831 254 3868 xxrr.
266 3813 403 3878 muctabit,
416 3812 448 3866 ad
460 3829 538 3882 qoem
550 3814 686 3876 nonnulla,
699 3829 766 3882 quae
776 3811 828 3868 huc
839 3813 977 3883 pertinent,
989 3814 1160 3868 cerimoniae.
1183 3815 1270 3880 Video,

104 3899 198 3964 lector,
215 3900 306 3969 quanti
316 3899 444 3954 momenti
453 3915 496 3952 ree
507 3905 561 3952 tarn
572 3899 623 3952 levi
635 3915 669 3950 ex
682 3898 860 3952 obaerratiouc
872 3901 1068 3964 commutauit,
1085 3905 1116 3954 nt
1130 3898 1271 3954 baeretico-

104 4001 166 4038 rum
176 3984 330 4054 dieputatio,
347 3999 415 4053 quae
431 3999 566 4054 perperam
580 3981 718 4053 Epipbauii
733 3999 790 4038 aeae
806 3983 912 4038 nomine
927 3991 953 4038 et
964 3985 1100 4038 autoritate
1112 3983 1272 4052 venditabat,

104 4070 215 4124 tandem
230 4071 311 4138 longo
327 4070 463 4124 intervallo
480 4070 586 4138 cognita
603 4083 634 4120 ac
651 4069 707 4122 euie
723 4069 859 4122 autoribus
870 4069 970 4122 reddita
980 4069 1069 4122 fucum
1080 4070 1219 4124 lectoribue
1231 4071 1270 4124 la·

103 4171 166 4210 aare
177 4156 248 4208 tanti
254 4155 368 4210 neminie
379 4155 466 4226 specie
477 4171 508 4208 ao
519 4154 686 4208 eimulatione
697 4153 809 4208 desierit.

176 4239 208 4295 N.
219 4259 286 4296 mr,
309 4240 354 4300 lite
365 4239 408 4306 τὴν
420 4237 556 4292 daredrtcaa
568 4239 667 4305 πίστιν]
701 4239 772 4293 llaec
789 4241 830 4293 ael
847 4240 881 4294 ab
897 4238 1043 4310 Epiphanio
1059 4239 1094 4292 ad
1110 4241 1270 4310 euperiorem

103 4326 331 4382 semiarianorum
342 4325 585 4380 commentariolum
595 4323 694 4389 addita,
712 4326 754 4380 rel
768 4325 850 4395 ipeiua
866 4325 1073 4379 commentarioli
1083 4331 1158 4391 eunt,
1172 4327 1201 4380 in
1217 4345 1269 4398 quc

102 4417 209 4484 praeter
226 4411 418 4481 expueitiouem
428 4410 490 4464 fidei
507 4415 566 4464 acta
581 4410 707 4464 nonnulla
718 4409 831 4464 Baailiua
849 4427 880 4464 ao
892 4410 1023 4478 Georgica
1039 4412 1271 4482 praeeminentem

102 4497 180 4569 qnod
190 4497 320 4567 portariae
330 4496 416 4566 magia
429 4494 530 4550 arridet.
554 4493 694 4550 Sciendum
705 4499 746 4550 eet
757 4502 844 4550 autem
856 4495 935 4548 πίστιν
945 4495 1030 4562 illam,
1042 4496 1073 4550 de
1085 4513 1137 4568 qua
1147 4499 1269 4568 loquitar,

102 4599 168 4640 eae·
177 4583 451 4654 motmtoncnman
460 4581 563 4636 tertiam
580 4597 647 4651 quae
656 4581 748 4636 Sirmii
762 4588 803 4636 eat
816 4581 899 4647 edita,
915 4594 994 4652 quarn
1010 4583 1132 4638 Socraten
1147 4591 1174 4638 et
1189 4583 1270 4638 Sono-
