3166 5044
1204 333 1279 396 xvir

119 485 147 541 ia
158 487 336 560 Βαβυλῶνος’
324 507 372 541 απο
390 491 432 556 τῆς
449 485 532 540 ’lurida
549 486 637 558 ρολῆς,
655 479 686 554 ἥς
702 489 799 559 πρώτης
816 483 933 556 ἐλθούσης
950 487 981 550 είς
997 487 1098 552 ἐκείνους
1113 491 1169 553 τοὺς
1186 495 1276 556 τόπους

119 575 228 627 airolae
246 573 286 626 aul
302 573 318 642 t
335 573 408 646 χώρα
424 577 466 641 τῆς
481 573 644 645 προσηγορίας
657 575 743 640 ταύτης
757 574 898 645 μετέλαβον.
924 576 1008 640 Quare
1020 581 1079 648 post
1089 575 1277 686 Babylonicum

118 661 297 732 captivitatem
314 661 469 714 Indaeorum
480 659 635 712 vocabulum
647 660 765 713 obtinuit.

189 745 235 798 llul
247 745 371 818 pdrcratp
382 745 448 798 οίίτω
461 745 574 815 κληθείσῃ
587 745 661 812 adra]
688 744 768 809 Quasi
783 744 849 798 dnae
861 761 892 799 ac
908 747 1081 818 discrepantes
1093 751 1276 820 appellationes

117 833 259 886 minuunt
284 831 754 900 Enimverouuaeademqueaoxast
764 833 857 892 nim>
880 837 912 893 n.
939 832 990 886 Ssd
1002 834 1029 884 rb
1043 837 1067 895 b
1080 835 1154 900 clim,
1168 841 1198 888 nt
1209 837 1276 906 apud

117 919 232 984 Arabes,
248 919 284 971 ita
294 917 363 989 apud
373 917 504 972 Hebraeos
515 922 637 987 perpetuo
649 931 708 971 cum
718 915 808 988 Rupbe
819 918 1021 987 pronuntiatum.
1045 919 1138 974 Graeci
1149 919 1188 972 bad
1199 925 1242 973 τοῦ
1254 921 1277 972 ll

118 1008 313 1075 expresserunt.

186 1089 218 1143 ii.
230 1109 255 1143 ν.
273 1089 318 1141 llul
330 1089 431 1142 Χοδαῖοι
442 1085 571 1158 ἐγίνοντο]
589 1087 690 1141 Χυδοίῖοι
699 1086 748 1143 hcc
760 1088 816 1142 loco
828 1089 897 1143 idem
912 1095 1038 1160 astatque
1050 1091 1218 1156 abundantes,
1237 1111 1277 1145 co·
1302 1107 1324 1148 1³·
1332 1097 1362 1138 ¹⁸·

114 1178 305 1244 pisciflui-unt.
327 1173 487 1246 Epiphanius
499 1191 559 1228 aero
571 1174 676 1245 perinde
688 1173 737 1228 hoc
748 1175 905 1228 vocabulum
917 1177 1010 1246 accipit
1025 1193 1055 1229 ac
1067 1178 1091 1230 si
1107 1179 1169 1230 cites
1182 1189 1206 1230 et
1221 1197 1277 1232 coo·

119 1269 223 1330 temptas
237 1260 405 1331 significaret.
432 1259 499 1314 Nam
517 1261 630 1314 eavocis
648 1266 688 1314 est
703 1265 825 1331 potestas.
851 1261 916 1314 Hinc
934 1261 1094 1331 dactylorum
1111 1279 1194 1333 genus
1213 1263 1277 1318 dieis

118 1363 223 1400 sacrum
234 1364 281 1418 per
292 1352 467 1418 contemptum
479 1363 495 1400 a
506 1346 607 1401 ludaeis
619 1344 763 1416 chydaeum
774 1349 902 1399 vocatum.
919 1345 1017 1400 Plinius
1029 1348 1073 1400 lib.
1086 1365 1161 1404 axrrr.
1174 1365 1230 1419 cap.
1241 1368 1275 1404 ιν.

118 1433 189 1484 Num
201 1451 261 1502 pace
272 1433 447 1486 catatonum·
458 1435 558 1486 deorum
571 1435 697 1496 dicamas,
714 1431 845 1500 chydaeos
862 1433 1004 1502 appellavit
1018 1433 1130 1498 Iudaea,
1145 1452 1208 1503 qaas
1219 1453 1276 1487 coa-

118 1519 221 1570 romelia
233 1521 358 1570 imminuat
368 1521 484 1586 iaeipaa'a.

186 1601 219 1658 N.
231 1621 267 1657 rr.
290 1598 334 1654 Διὰ
350 1601 379 1654 rb
397 1602 562 1670 διπλοῦσθαι]
587 1601 654 1656 Nam
670 1601 731 1656 libri
747 1602 797 1656 duc
815 1601 917 1673 Regum
933 1604 1046 1675 priores,
1064 1621 1129 1676 qnos
1146 1605 1275 1660 Samuelis

116 1693 220 1752 uocaui,
232 1687 355 1742 volumen
366 1705 447 1742 unum
458 1690 627 1752 constituunt,
638 1689 752 1759 itemquo
763 1689 866 1758 Regum
877 1688 928 1741 duo
940 1691 1093 1760 posteriores
1106 1707 1196 1744 unum.
1208 1691 1275 1746 Turn

117 1769 182 1828 liber'
192 1772 264 1827 Ruth
276 1791 335 1828 curn
346 1773 462 1828 Indicum
472 1775 538 1828 libro
550 1775 672 1828 volumen
683 1775 789 1828 unicum
798 1775 869 1829 iacit.
895 1773 939 1827 Sic
954 1780 980 1828 et
990 1775 1051 1829 libri
1061 1775 1274 1847 Paralipomenon

118 1859 182 1925 dno,
200 1859 359 1930 totidemque
375 1859 483 1926 Esdrae,
502 1861 605 1931 singula
622 1859 691 1931 apud
707 1861 837 1914 Hebraeos
854 1860 989 1915 volumina
1005 1861 1112 1916 iaciunt.
1141 1863 1180 1915 Ita
1196 1881 1211 1916 v
1230 1879 1275 1916 sx-

116 1946 221 2016 punctis
239 1945 425 2011 voluminibus,
441 1951 544 1999 constat
554 1963 611 1999 xm
627 1947 751 2000 librorum
767 1959 899 2000 numerus.
928 1945 992 2000 Vide
1007 1945 1109 2000 Hieron.
1121 1947 1148 2000 in
1163 1948 1275 2018 Prologo

119 2031 227 2085 Sulcato
232 2071 240 2097 ,
252 2030 377 2101 cyrillum
395 2029 499 2086 Gatech.
509 2049 542 2086 ιν.
553 2031 648 2086 Suseb.
661 2031 706 2086 lib.
715 2049 750 2085 vr.
761 2031 857 2086 Histor.
870 2047 926 2102 cap.
936 2049 990 2086 am.

183 2116 216 2170 N.
228 2135 274 2172 vn.
291 2116 306 2184 η
319 2133 352 2178 τις
365 2115 432 2188 ψυχὴ
445 2116 490 2169 oda
502 2115 649 2186 ἀκούσεταί]
669 2113 745 2170 'Solet
755 2117 906 2187 plerumque
918 2116 1066 2189 Scripturas
1076 2117 1156 2172 rerba
1166 2135 1220 2172 ncn
1231 2119 1274 2172 iis·

118 2201 191 2269 dem,
204 2203 299 2273 quibua
311 2207 520 2273 concupiscunt,
533 2203 610 2256 citare
618 2202 720 2267 verbis,
732 2201 777 2255 scd
787 2203 944 2268 immutatis,
956 2209 985 2256 ut
996 2202 1044 2257 hoc
1052 2204 1110 2258 loco
1118 2205 1216 2259 factum
1228 2209 1274 2259 est.

184 2287 374 2357 Βαοιλενόμεναι
386 2287 433 2339 iub
445 2292 489 2340 τοῦ
501 2286 648 2359 Ἱεροβοάμ]
670 2287 788 2342 Samaria
798 2289 911 2358 regionis
922 2289 1051 2342 interdum
1062 2307 1157 2344 nomeu
1170 2297 1220 2356 eat,
1235 2291 1274 2344 in·

119 2375 220 2428 tardum
232 2373 327 2445 oppidi
352 2373 435 2428 Priori
449 2374 526 2430 modo
543 2375 621 2428 etiam
637 2373 841 2428 antaconditam
854 2373 998 2428 Samariam
1009 2381 1149 2446 usurpatur
1159 2395 1198 2430 nr.
1209 2377 1274 2446 Reg.

118 2477 171 2532 cap.
181 2479 244 2526 1111,
255 2458 301 2513 32:
312 2459 431 2530 Profecto
444 2465 508 2513 esaim
516 2465 598 2513 cantet
605 2479 685 2514 sermo
691 2501 698 2525 ,
711 2479 780 2531 pacm
785 2463 954 2530 prcediaa’tr'a
962 2479 1074 2515 sermone
1083 2464 1177 2514 domini
1186 2471 1275 2514 contra

118 2549 214 2610 uitare,
231 2549 297 2616 qaod
312 2555 349 2598 eat
361 2549 388 2598 ia
401 2545 492 2599 Betbel
502 2557 526 2600 et
537 2555 626 2600 contro
638 2550 799 2617 omniasoao
811 2549 975 2611 casatorum,
993 2565 1057 2618 quae
1069 2555 1127 2598 corat
1135 2551 1162 2598 ia
1173 2548 1275 2599 srdidae

116 2633 262 2686 Scraoaice.
297 2631 330 2685 Δί
347 2647 402 2702 cap.
415 2649 472 2698 avr,
489 2631 522 2684 24
539 2631 611 2685 Amri
622 2649 669 2686 rex
686 2625 789 2686 Isr'adlis
807 2637 866 2686 emit
882 2641 984 2686 montem
1001 2633 1139 2686 Samariae
1156 2651 1173 2684 o
1189 2633 1275 2685 &mer

118 2719 213 2772 daobm
224 2719 325 2770 tutantis
337 2721 439 2786 arpenti
449 2725 474 2770 et
484 2719 632 2787 aedificavit
642 2737 706 2784 uam,
724 2727 750 2772 et
758 2723 859 2772 cocooit
869 2737 955 2772 acmen
967 2721 1091 2782 civitatis,
1107 2735 1181 2787 pacm
1192 2727 1274 2770 estm-

117 2813 205 2867 xerat,
217 2807 312 2855 nomiae
322 2802 408 2854 Serner
420 2805 514 2855 domim·
523 2808 614 2857 monna
623 2803 778 2858 Samarium.
806 2805 882 2876 Apud
893 2802 1067 2876 Epiphaniam
1078 2817 1140 2872 ergo
1152 2803 1217 2855 ratio
1229 2819 1275 2872 po-

118 2890 209 2952 stulat,
221 2893 251 2942 ut
262 2887 380 2943 Samaria
391 2887 505 2958 regionis
512 2889 617 2960 potius,
635 2903 714 2959 qnam
731 2890 818 2960 oppidi
828 2891 985 2943 vocabulum
1002 2890 1043 2942 sit
1072 2887 1193 2942 Nondum
1205 2889 1274 2942 enim

117 2973 268 3029 leroboamc
284 2979 410 3044 regnante
427 2973 530 3028 condita
546 2983 602 3028 erat
619 2974 741 3029 Samaria.
767 2975 801 3027 Et
817 2979 905 3028 tamen
922 2991 982 3027 cum
993 2973 1177 3043 Hierosolymis
1196 2991 1274 3045 oppo-

116 3067 201 3130 natur,
213 3075 262 3131 pro
274 3059 366 3130 oppido
379 3060 448 3113 sumi
458 3059 566 3113 videtur.

182 3144 280 3207 Ἰωσίας
292 3144 423 3216 Ἰεχονίαν,
435 3145 477 3198 aba
490 3145 530 3196 aul
541 3144 659 3215 Σελοῦμ]
680 3143 769 3200 Multis
781 3143 865 3198 modis
876 3143 1009 3216 implicata
1020 3151 1047 3199 et
1058 3147 1167 3200 obscura
1179 3151 1219 3199 est
1229 3163 1274 3217 ρο·

117 3237 272 3286 strenuorum
280 3231 358 3290 Iudas
366 3245 459 3302 regum
468 3231 613 3296 successio,
625 3245 703 3302 quam
711 3229 900 3302 impeditiorem
908 3231 970 3285 iacit
978 3229 1102 3285 Matthaei
1112 3233 1273 3302 genealogia.

116 3317 168 3372 llos
184 3323 326 3388 utrumque
343 3317 441 3371 nodum
457 3317 567 3371 breviter
583 3316 704 3371 hocloco
722 3315 902 3371 dissolvamus.
928 3317 1009 3371 iosias
1020 3317 1104 3370 Arnon
1115 3317 1184 3370 iilius
1200 3317 1275 3387 regni

117 3401 239 3458 haeredes
250 3403 321 3456 lilios
333 3402 424 3456 habuit
436 3404 541 3457 omnino
553 3409 618 3469 tras,
634 3407 665 3456 ut
680 3419 714 3456 ex
731 3403 774 3458 lib.
783 3421 819 3458 rr.
830 3401 896 3473 Reg.
909 3408 1018 3457 constat.
1044 3402 1145 3455 Primus
1159 3409 1218 3472 post
1228 3418 1275 3472 pa-

118 3491 195 3544 rentis
211 3493 325 3543 mortem
342 3490 461 3560 regnavit
477 3487 583 3542 louchaa
599 3489 732 3542 mensibus
749 3489 843 3542 tribus:
861 3507 896 3543 rv.
907 3487 973 3558 ch.
986 3487 1026 3553 23,
1038 3486 1079 3552 30,
1097 3488 1141 3558 qni
1153 3493 1179 3540 ct
1189 3487 1275 3540 lecho-

118 3576 172 3629 niaa
185 3577 213 3630 in
225 3573 373 3646 apocrypho
384 3574 481 3629 Esdrae
493 3573 558 3628 libro
569 3575 646 3628 tortio
658 3573 758 3640 dicitur,
775 3591 831 3645 cap.
844 3592 867 3638 1,
880 3573 922 3628 34.
948 3573 1085 3643 Perpcram
1096 3573 1166 3626 enim
1176 3573 1275 3626 Maido-

117 3667 192 3716 natus
204 3667 295 3715 noster
305 3661 332 3714 id
344 3661 377 3713 ad
388 3661 484 3715 loucim
496 3660 708 3714 accommodarit.
736 3659 870 3713 Secundus
886 3665 926 3712 est
937 3657 1049 3723 loalrim,
1067 3659 1111 3728 qui
1127 3663 1154 3712 et
1168 3659 1274 3711 Eliacim

117 3754 223 3801 uocatus
236 3752 290 3813 est,
302 3747 347 3802 lib.
357 3765 392 3802 re.
403 3745 469 3817 Reg.
481 3761 537 3817 cap.
548 3763 623 3812 xxnr,
636 3745 678 3810 34,
691 3746 735 3816 qui
747 3761 829 3798 annos
840 3745 960 3815 regnavit
969 3763 1005 3800 xr.
1023 3745 1125 3798 Tertius
1136 3743 1186 3798 init
1197 3741 1275 3796 Seda-

117 3834 177 3898 cias,
196 3837 259 3886 ante
275 3849 354 3903 quern
365 3831 470 3887 loaclrin
487 3832 542 3886 siaa
553 3831 685 3886 lechcuias
696 3831 802 3884 loacimi
812 3830 882 3884 filins
893 3831 976 3884 tribus
984 3829 1118 3884 mensibus
1126 3827 1273 3900 imperarit:

117 3935 171 3990 cap.
183 3935 258 3983 aare,
273 3919 311 3972 17.
340 3918 374 3971 nt
384 3937 403 3972 1.
414 3917 498 3971 Paral.
511 3933 566 3988 cap.
578 3935 621 3982 ur,
635 3916 666 3970 15
682 3916 766 3969 iosias
777 3915 825 3968 filii
836 3917 1002 3969 nominantur
1014 3921 1136 3985 quatuor:
1151 3913 1274 3977 lohanan,

117 4003 229 4071 lankim,
246 4003 379 4070 Sedecias,
397 4010 423 4057 et
438 4003 545 4058 Selium.
579 4001 645 4055 Gom
662 4001 703 4055 hic
723 4003 853 4056 multaab
870 4001 1051 4072 interpretibus
1068 4005 1094 4052 et
1110 3999 1274 4069 chronologia

117 4090 266 4155 afferantur,
278 4091 363 4161 placet
370 4090 545 4144 Hebraeorum
554 4088 690 4154 sententia,
699 4088 877 4159 imprimisque
885 4087 959 4140 Aban
967 4087 1063 4141 Hastae
1072 4086 1098 4138 in
1109 4103 1125 4138 r.
1135 4101 1191 4156 cap.
1201 4085 1275 4150 Dan,

117 4177 146 4231 R
157 4177 223 4231 Levi
234 4178 286 4230 ben
299 4175 399 4229 Gerson
415 4181 441 4229 et
451 4175 482 4229 R.
494 4174 577 4229 David
588 4173 622 4227 ad
633 4173 677 4228 lib.
690 4191 725 4228 ra.
741 4173 806 4244 Reg.
820 4189 876 4244 cap.
888 4191 969 4237 xxm,
985 4171 1083 4226 Selium
1096 4171 1206 4224 eundern
1218 4187 1275 4224 essa

118 4279 174 4318 cum
186 4261 309 4328 loachaa,
327 4263 373 4332 qui
388 4267 524 4333 paternum
538 4259 676 4331 imperium
691 4259 810 4332 populari
824 4259 949 4324 factione,
966 4275 1018 4312 non
1034 4258 1089 4311 iure
1104 4257 1275 4311 successionis

119 4349 242 4414 obtinuit,
261 4347 330 4418 quod
346 4354 371 4401 at
382 4347 516 4418 Scriptura
531 4363 587 4417 cap.
599 4363 681 4411 xxm,
698 4344 739 4398 30.
752 4345 864 4399 declarat
875 4344 915 4398 lais
926 4345 1024 4397 verbis:
1046 4343 1070 4394 T
1066 4345 1160 4414 alitque
1167 4345 1276 4414 popalus

119 4447 202 4490 terroe
219 4435 335 4488 Ioacdna
344 4435 426 4504 filiam
442 4435 540 4487 douae:
564 4441 589 4485 et
605 4441 729 4484 amarunt
748 4451 800 4485 eona
821 4441 845 4484 et
864 4434 1044 4483 consuaserunt
1058 4447 1111 4483 eom
1129 4447 1212 4499 sepem
1224 4447 1274 4499 pro

118 4531 191 4590 patre
201 4539 256 4574 sac.
275 4521 342 4575 llam
352 4520 376 4573 si
387 4520 478 4574 astatis
490 4517 606 4572 ordinem
617 4523 731 4589 spectes,
743 4521 803 4588 post
810 4515 947 4582 lohanam,
959 4516 1003 4585 qui
1015 4521 1075 4569 ante
1085 4516 1166 4586 patris
1176 4515 1274 4567 obitum

120 4611 268 4678 praereptus
282 4607 396 4672 ridetur,
411 4606 543 4663 maximus
559 4609 624 4660 natu
639 4604 689 4659 fnit
703 4603 800 4658 loacim
815 4604 869 4658 sira
885 4601 999 4656 Sliacim.
1024 4601 1098 4665 Quod
1115 4605 1142 4654 ct
1151 4597 1275 4669 losepbns

156 4711 401 4763 conprimendam
1051 4687 1074 4740 B
