<?xml version="1.0" encoding="UTF-8"?>
<!DOCTYPE html PUBLIC "-//W3C//DTD XHTML 1.0 Transitional//EN"
    "http://www.w3.org/TR/xhtml1/DTD/xhtml1-transitional.dtd">
<html xmlns="http://www.w3.org/1999/xhtml" xml:lang="en" lang="en">
 <head>
  <title>
</title>
<meta http-equiv="Content-Type" content="text/html;charset=utf-8" />
  <meta name='ocr-system' content='tesseract 3.04.00' />
  <meta name='ocr-capabilities' content='ocr_page ocr_carea ocr_par ocr_line ocrx_word'/>
</head>
<body>
  <div class='ocr_page' id='page_1' title='image "./corporishaerese05oehlgoog_0252.png"; bbox 0 0 3126 5046; ppageno 0'>
   <div class='ocr_carea' id='block_1_1' title="bbox 1103 339 1265 398">
    <p class='ocr_par' dir='ltr' id='par_1_1' title="bbox 1103 339 1265 398">
     <span class='ocr_line' id='line_1_1' title="bbox 1103 339 1265 398; baseline 0.012 -2"><span class='ocrx_word' id='word_1_1' title='bbox 1103 339 1265 398; x_wconf 79' lang='lat' dir='ltr'>ccxxxix</span> 
     </span>
    </p>
   </div>
   <div class='ocr_carea' id='block_1_2' title="bbox 96 493 1366 2878">
    <p class='ocr_par' dir='ltr' id='par_1_2' title="bbox 96 493 1366 2878">
     <span class='ocr_line' id='line_1_2' title="bbox 101 493 1265 566; baseline 0.003 -18"><span class='ocrx_word' id='word_1_2' title='bbox 101 493 289 548; x_wconf 73' lang='lat' dir='ltr'>correctionem</span> <span class='ocrx_word' id='word_1_3' title='bbox 301 494 406 566; x_wconf 87' lang='lat' dir='ltr'>rerlprit</span> <span class='ocrx_word' id='word_1_4' title='bbox 416 493 518 556; x_wconf 78' lang='lat' dir='ltr'>Hibera.</span> <span class='ocrx_word' id='word_1_5' title='bbox 538 493 621 550; x_wconf 87' lang='lat' dir='ltr'>Hodie</span> <span class='ocrx_word' id='word_1_6' title='bbox 633 511 693 550; x_wconf 82' lang='lat' dir='ltr'>vern</span> <span class='ocrx_word' id='word_1_7' title='bbox 704 511 764 549; x_wconf 87' lang='lat' dir='ltr'>cunr</span> <span class='ocrx_word' id='word_1_8' title='bbox 776 495 900 550; x_wconf 72' lang='lat' dir='ltr'>Hebraeis</span> <span class='ocrx_word' id='word_1_9' title='bbox 912 501 938 549; x_wconf 91' lang='lat' dir='ltr'>et</span> <span class='ocrx_word' id='word_1_10' title='bbox 949 494 1055 550; x_wconf 85' lang='lat' dir='ltr'>Graecia</span> <span class='ocrx_word' id='word_1_11' title='bbox 1066 495 1152 550; x_wconf 84' lang='lat' dir='ltr'>Latini</span> <span class='ocrx_word' id='word_1_12' title='bbox 1163 497 1265 552; x_wconf 87' lang='lat' dir='ltr'>codicee</span> 
     </span>
     <span class='ocr_line' id='line_1_3' title="bbox 100 579 1265 650; baseline 0.002 -16"><span class='ocrx_word' id='word_1_13' title='bbox 100 579 184 634; x_wconf 82' lang='lat' dir='ltr'>rerba</span> <span class='ocrx_word' id='word_1_14' title='bbox 194 580 254 644; x_wconf 88' lang='lat' dir='ltr'>illa,</span> <span class='ocrx_word' id='word_1_15' title='bbox 265 579 370 632; x_wconf 73' lang='lat' dir='ltr'>lacem</span> <span class='ocrx_word' id='word_1_16' title='bbox 383 581 478 634; x_wconf 78' lang='lat' dir='ltr'>domim¹</span> <span class='ocrx_word' id='word_1_17' title='bbox 489 590 622 649; x_wconf 59' lang='lat' dir='ltr'>autquarta</span> <span class='ocrx_word' id='word_1_18' title='bbox 634 585 828 650; x_wconf 67' lang='lat' dir='ltr'>erilapacretua</span> <span class='ocrx_word' id='word_1_19' title='bbox 840 582 915 636; x_wconf 90' lang='lat' dir='ltr'>alteri</span> <span class='ocrx_word' id='word_1_20' title='bbox 926 582 1049 636; x_wconf 84' lang='lat' dir='ltr'>commati</span> <span class='ocrx_word' id='word_1_21' title='bbox 1059 582 1185 636; x_wconf 84' lang='lat' dir='ltr'>tribuunt</span> <span class='ocrx_word' id='word_1_22' title='bbox 1205 583 1265 636; x_wconf 91' lang='lat' dir='ltr'>Hie·</span> 
     </span>
     <span class='ocr_line' id='line_1_4' title="bbox 100 664 1265 737; baseline 0.002 -19"><span class='ocrx_word' id='word_1_23' title='bbox 100 679 231 734; x_wconf 70' lang='lat' dir='ltr'>ranynrur</span> <span class='ocrx_word' id='word_1_24' title='bbox 241 665 269 718; x_wconf 92' lang='lat' dir='ltr'>in</span> <span class='ocrx_word' id='word_1_25' title='bbox 281 665 377 720; x_wconf 84' lang='lat' dir='ltr'>Tradit</span> <span class='ocrx_word' id='word_1_26' title='bbox 388 665 466 721; x_wconf 87' lang='lat' dir='ltr'>Hebr.</span> <span class='ocrx_word' id='word_1_27' title='bbox 477 664 547 720; x_wconf 87' lang='lat' dir='ltr'>buno</span> <span class='ocrx_word' id='word_1_28' title='bbox 557 666 645 737; x_wconf 84' lang='lat' dir='ltr'>ipram</span> <span class='ocrx_word' id='word_1_29' title='bbox 657 667 743 720; x_wconf 86' lang='lat' dir='ltr'>locam</span> <span class='ocrx_word' id='word_1_30' title='bbox 755 666 902 732; x_wconf 84' lang='lat' dir='ltr'>declarare,</span> <span class='ocrx_word' id='word_1_31' title='bbox 920 665 983 720; x_wconf 83' lang='lat' dir='ltr'>baec</span> <span class='ocrx_word' id='word_1_32' title='bbox 995 665 1097 721; x_wconf 83' lang='lat' dir='ltr'>roribit:</span> <span class='ocrx_word' id='word_1_33' title='bbox 1123 668 1198 728; x_wconf 83' lang='lat' dir='ltr'>tlaod</span> <span class='ocrx_word' id='word_1_34' title='bbox 1207 685 1265 720; x_wconf 76' lang='lat' dir='ltr'>om</span> 
     </span>
     <span class='ocr_line' id='line_1_5' title="bbox 102 751 1265 822; baseline 0.002 -18"><span class='ocrx_word' id='word_1_35' title='bbox 102 757 156 804; x_wconf 79' lang='lat' dir='ltr'>aa&#39;tr</span> <span class='ocrx_word' id='word_1_36' title='bbox 172 751 210 804; x_wconf 86' lang='lat' dir='ltr'>Et</span> <span class='ocrx_word' id='word_1_37' title='bbox 223 761 356 820; x_wconf 57' lang='lat' dir='ltr'>aemam</span> <span class='ocrx_word' id='word_1_38' title='bbox 372 752 479 804; x_wconf 79' lang='lat' dir='ltr'>lacerna</span> <span class='ocrx_word' id='word_1_39' title='bbox 490 754 533 804; x_wconf 85' lang='lat' dir='ltr'>rici</span> <span class='ocrx_word' id='word_1_40' title='bbox 544 757 731 820; x_wconf 70' lang='lat' dir='ltr'>uttupuerctar</span> <span class='ocrx_word' id='word_1_41' title='bbox 746 756 774 804; x_wconf 82' lang='lat' dir='ltr'>r&#39;a</span> <span class='ocrx_word' id='word_1_42' title='bbox 792 753 881 822; x_wconf 77' lang='lat' dir='ltr'>templo</span> <span class='ocrx_word' id='word_1_43' title='bbox 893 755 998 816; x_wconf 79' lang='lat' dir='ltr'>domiui,</span> <span class='ocrx_word' id='word_1_44' title='bbox 1013 752 1059 804; x_wconf 81' lang='lat' dir='ltr'>obi</span> <span class='ocrx_word' id='word_1_45' title='bbox 1069 761 1128 805; x_wconf 89' lang='lat' dir='ltr'>crat</span> <span class='ocrx_word' id='word_1_46' title='bbox 1138 770 1203 806; x_wconf 80' lang='lat' dir='ltr'>arca</span> <span class='ocrx_word' id='word_1_47' title='bbox 1216 755 1265 816; x_wconf 81' lang='lat' dir='ltr'>dci,</span> 
     </span>
     <span class='ocr_line' id='line_1_6' title="bbox 99 835 1265 908; baseline 0.002 -19"><span class='ocrx_word' id='word_1_48' title='bbox 99 836 207 889; x_wconf 66' lang='lat' dir='ltr'>&amp;nael</span> <span class='ocrx_word' id='word_1_49' title='bbox 217 835 364 890; x_wconf 61' lang='lat' dir='ltr'>maletat.</span> <span class='ocrx_word' id='word_1_50' title='bbox 397 837 541 905; x_wconf 73' lang='lat' dir='ltr'>Antequam</span> <span class='ocrx_word' id='word_1_51' title='bbox 556 838 662 890; x_wconf 82' lang='lat' dir='ltr'>lucerua</span> <span class='ocrx_word' id='word_1_52' title='bbox 679 839 722 890; x_wconf 82' lang='lat' dir='ltr'>dci</span> <span class='ocrx_word' id='word_1_53' title='bbox 738 841 932 905; x_wconf 60' lang='lat' dir='ltr'>admonetur,</span> <span class='ocrx_word' id='word_1_54' title='bbox 949 839 1059 906; x_wconf 79' lang='lat' dir='ltr'>tutellipr&#39;</span> <span class='ocrx_word' id='word_1_55' title='bbox 1069 847 1179 908; x_wconf 83' lang='lat' dir='ltr'>oportet,</span> <span class='ocrx_word' id='word_1_56' title='bbox 1195 849 1265 892; x_wconf 85' lang='lat' dir='ltr'>autc·</span> 
     </span>
     <span class='ocr_line' id='line_1_7' title="bbox 101 922 1366 991; baseline 0.002 -17"><span class='ocrx_word' id='word_1_57' title='bbox 101 939 179 990; x_wconf 82' lang='lat' dir='ltr'>prora</span> <span class='ocrx_word' id='word_1_58' title='bbox 190 923 234 974; x_wconf 76' lang='lat' dir='ltr'>aa</span> <span class='ocrx_word' id='word_1_59' title='bbox 245 923 433 990; x_wconf 77' lang='lat' dir='ltr'>diuruaficrct,</span> <span class='ocrx_word' id='word_1_60' title='bbox 451 925 551 991; x_wconf 61' lang='lat' dir='ltr'>perarma</span> <span class='ocrx_word' id='word_1_61' title='bbox 567 925 655 976; x_wconf 81' lang='lat' dir='ltr'>cadem</span> <span class='ocrx_word' id='word_1_62' title='bbox 672 924 841 990; x_wconf 66' lang='lat' dir='ltr'>eatinpacada</span> <span class='ocrx_word' id='word_1_63' title='bbox 855 933 913 974; x_wconf 86' lang='lat' dir='ltr'>crat</span> <span class='ocrx_word' id='word_1_64' title='bbox 923 923 1037 978; x_wconf 80' lang='lat' dir='ltr'>lacerna.</span> <span class='ocrx_word' id='word_1_65' title='bbox 1059 922 1181 976; x_wconf 76' lang='lat' dir='ltr'>Streniae</span> <span class='ocrx_word' id='word_1_66' title='bbox 1193 943 1211 976; x_wconf 91' lang='lat' dir='ltr'>a</span> <span class='ocrx_word' id='word_1_67' title='bbox 1223 925 1267 976; x_wconf 86' lang='lat' dir='ltr'>do·</span> <span class='ocrx_word' id='word_1_68' title='bbox 1291 945 1314 984; x_wconf 81' lang='lat' dir='ltr'>p·</span> <span class='ocrx_word' id='word_1_69' title='bbox 1322 931 1366 977; x_wconf 78' lang='lat' dir='ltr'>tlt.</span> 
     </span>
     <span class='ocr_line' id='line_1_8' title="bbox 99 1007 1267 1078; baseline 0.005 -21"><span class='ocrx_word' id='word_1_70' title='bbox 99 1009 170 1058; x_wconf 74' lang='lat' dir='ltr'>ariao</span> <span class='ocrx_word' id='word_1_71' title='bbox 180 1023 229 1076; x_wconf 82' lang='lat' dir='ltr'>per</span> <span class='ocrx_word' id='word_1_72' title='bbox 239 1007 343 1074; x_wconf 76' lang='lat' dir='ltr'>diapecrr</span> <span class='ocrx_word' id='word_1_73' title='bbox 354 1011 447 1058; x_wconf 67' lang='lat' dir='ltr'>ruma</span> <span class='ocrx_word' id='word_1_74' title='bbox 459 1016 529 1060; x_wconf 84' lang='lat' dir='ltr'>crat.-</span> <span class='ocrx_word' id='word_1_75' title='bbox 540 1009 665 1060; x_wconf 79' lang='lat' dir='ltr'>utendam</span> <span class='ocrx_word' id='word_1_76' title='bbox 677 1009 783 1060; x_wconf 79' lang='lat' dir='ltr'>lacerna</span> <span class='ocrx_word' id='word_1_77' title='bbox 795 1008 891 1060; x_wconf 83' lang='lat' dir='ltr'>laceret</span> <span class='ocrx_word' id='word_1_78' title='bbox 899 1025 975 1076; x_wconf 77' lang='lat' dir='ltr'>uapor</span> <span class='ocrx_word' id='word_1_79' title='bbox 986 1025 1067 1062; x_wconf 77' lang='lat' dir='ltr'>mane.</span> <span class='ocrx_word' id='word_1_80' title='bbox 1094 1008 1177 1078; x_wconf 80' lang='lat' dir='ltr'><strong>Igitur</strong></span> <span class='ocrx_word' id='word_1_81' title='bbox 1188 1013 1267 1062; x_wconf 83' lang='lat' dir='ltr'>noctu</span> 
     </span>
     <span class='ocr_line' id='line_1_9' title="bbox 101 1090 1266 1164; baseline 0.003 -20"><span class='ocrx_word' id='word_1_82' title='bbox 101 1090 232 1144; x_wconf 84' lang='lat' dir='ltr'>duntaxat</span> <span class='ocrx_word' id='word_1_83' title='bbox 244 1091 370 1146; x_wconf 89' lang='lat' dir='ltr'>ardebant</span> <span class='ocrx_word' id='word_1_84' title='bbox 380 1092 515 1158; x_wconf 81' lang='lat' dir='ltr'>incerare,</span> <span class='ocrx_word' id='word_1_85' title='bbox 527 1108 594 1163; x_wconf 87' lang='lat' dir='ltr'>qnae</span> <span class='ocrx_word' id='word_1_86' title='bbox 605 1094 654 1146; x_wconf 85' lang='lat' dir='ltr'>aab</span> <span class='ocrx_word' id='word_1_87' title='bbox 666 1107 802 1162; x_wconf 82' lang='lat' dir='ltr'>reaperanr</span> <span class='ocrx_word' id='word_1_88' title='bbox 813 1091 1029 1157; x_wconf 85' lang='lat' dir='ltr'>accendebantur,</span> <span class='ocrx_word' id='word_1_89' title='bbox 1040 1109 1117 1147; x_wconf 86' lang='lat' dir='ltr'>mane</span> <span class='ocrx_word' id='word_1_90' title='bbox 1128 1109 1266 1164; x_wconf 87' lang='lat' dir='ltr'>compone·</span> 
     </span>
     <span class='ocr_line' id='line_1_10' title="bbox 99 1174 1266 1249; baseline 0.003 -20"><span class='ocrx_word' id='word_1_91' title='bbox 99 1177 209 1230; x_wconf 76' lang='lat' dir='ltr'>bantm·</span> <span class='ocrx_word' id='word_1_92' title='bbox 233 1174 304 1240; x_wconf 86' lang='lat' dir='ltr'>Quae</span> <span class='ocrx_word' id='word_1_93' title='bbox 315 1175 368 1230; x_wconf 87' lang='lat' dir='ltr'>duo</span> <span class='ocrx_word' id='word_1_94' title='bbox 379 1177 522 1246; x_wconf 84' lang='lat' dir='ltr'>plurimum</span> <span class='ocrx_word' id='word_1_95' title='bbox 533 1178 687 1249; x_wconf 86' lang='lat' dir='ltr'>dircrepant.</span> <span class='ocrx_word' id='word_1_96' title='bbox 711 1177 802 1242; x_wconf 78' lang='lat' dir='ltr'>Aliud,</span> <span class='ocrx_word' id='word_1_97' title='bbox 816 1177 939 1247; x_wconf 85' lang='lat' dir='ltr'>inquam,</span> <span class='ocrx_word' id='word_1_98' title='bbox 950 1183 991 1232; x_wconf 84' lang='lat' dir='ltr'>eat</span> <span class='ocrx_word' id='word_1_99' title='bbox 1002 1179 1128 1232; x_wconf 75' lang='lat' dir='ltr'>caracara</span> <span class='ocrx_word' id='word_1_100' title='bbox 1139 1181 1266 1244; x_wconf 71' lang='lat' dir='ltr'>lacernae,</span> 
     </span>
     <span class='ocr_line' id='line_1_11' title="bbox 99 1261 1266 1334; baseline 0.003 -20"><span class='ocrx_word' id='word_1_101' title='bbox 99 1261 175 1316; x_wconf 85' lang='lat' dir='ltr'>aliud</span> <span class='ocrx_word' id='word_1_102' title='bbox 184 1279 337 1332; x_wconf 78' lang='lat' dir='ltr'>comparere.</span> <span class='ocrx_word' id='word_1_103' title='bbox 355 1261 429 1315; x_wconf 80' lang='lat' dir='ltr'><strong>Prius</strong></span> <span class='ocrx_word' id='word_1_104' title='bbox 439 1263 553 1318; x_wconf 81' lang='lat' dir='ltr'>illudent</span> <span class='ocrx_word' id='word_1_105' title='bbox 563 1263 844 1318; x_wconf 85' lang='lat' dir='ltr'>caudelabroiuccrnaa</span> <span class='ocrx_word' id='word_1_106' title='bbox 856 1263 990 1334; x_wconf 76' lang='lat' dir='ltr'><strong>imponere</strong></span> <span class='ocrx_word' id='word_1_107' title='bbox 1002 1269 1028 1318; x_wconf 87' lang='lat' dir='ltr'>et</span> <span class='ocrx_word' id='word_1_108' title='bbox 1036 1264 1187 1320; x_wconf 88' lang='lat' dir='ltr'>accendere.</span> <span class='ocrx_word' id='word_1_109' title='bbox 1205 1265 1266 1318; x_wconf 88' lang='lat' dir='ltr'>ideo</span> 
     </span>
     <span class='ocr_line' id='line_1_12' title="bbox 100 1347 1267 1417; baseline 0.003 -18"><span class='ocrx_word' id='word_1_110' title='bbox 100 1361 161 1417; x_wconf 72' lang='lat' dir='ltr'>cap.</span> <span class='ocrx_word' id='word_1_111' title='bbox 172 1347 219 1400; x_wconf 87' lang='lat' dir='ltr'>illo</span> <span class='ocrx_word' id='word_1_112' title='bbox 229 1363 312 1402; x_wconf 82' lang='lat' dir='ltr'>xxrrr.</span> <span class='ocrx_word' id='word_1_113' title='bbox 324 1347 409 1400; x_wconf 80' lang='lat' dir='ltr'>Haedi</span> <span class='ocrx_word' id='word_1_114' title='bbox 420 1363 485 1402; x_wconf 86' lang='lat' dir='ltr'>com.</span> <span class='ocrx_word' id='word_1_115' title='bbox 498 1348 547 1414; x_wconf 72' lang='lat' dir='ltr'>tl,</span> <span class='ocrx_word' id='word_1_116' title='bbox 559 1349 605 1402; x_wconf 87' lang='lat' dir='ltr'>ubi</span> <span class='ocrx_word' id='word_1_117' title='bbox 616 1347 707 1402; x_wconf 76' lang='lat' dir='ltr'>Latine</span> <span class='ocrx_word' id='word_1_118' title='bbox 719 1349 757 1401; x_wconf 85' lang='lat' dir='ltr'>rio</span> <span class='ocrx_word' id='word_1_119' title='bbox 769 1348 875 1417; x_wconf 76' lang='lat' dir='ltr'>legitur:</span> <span class='ocrx_word' id='word_1_120' title='bbox 888 1348 925 1402; x_wconf 83' lang='lat' dir='ltr'>Et</span> <span class='ocrx_word' id='word_1_121' title='bbox 936 1351 1095 1404; x_wconf 81' lang='lat' dir='ltr'>collocabunt</span> <span class='ocrx_word' id='word_1_122' title='bbox 1105 1368 1160 1402; x_wconf 81' lang='lat' dir='ltr'>cara</span> <span class='ocrx_word' id='word_1_123' title='bbox 1174 1351 1267 1403; x_wconf 77' lang='lat' dir='ltr'>Aaron</span> 
     </span>
     <span class='ocr_line' id='line_1_13' title="bbox 100 1432 1267 1518; baseline 0.003 -34"><span class='ocrx_word' id='word_1_124' title='bbox 100 1433 188 1501; x_wconf 77' lang='lat' dir='ltr'>ctfilr&#39;a&#39;</span> <span class='ocrx_word' id='word_1_125' title='bbox 198 1436 263 1496; x_wconf 78' lang='lat' dir='ltr'>riae,</span> <span class='ocrx_word' id='word_1_126' title='bbox 279 1432 405 1486; x_wconf 75' lang='lat' dir='ltr'>Hebraico</span> <span class='ocrx_word' id='word_1_127' title='bbox 421 1434 546 1504; x_wconf 88' lang='lat' dir='ltr'>rcriptnrn</span> <span class='ocrx_word' id='word_1_128' title='bbox 562 1439 603 1488; x_wconf 87' lang='lat' dir='ltr'>eat</span> <span class='ocrx_word' id='word_1_129' title='bbox 619 1437 701 1518; x_wconf 50' lang='lat' dir='ltr'>*tw</span> <span class='ocrx_word' id='word_1_130' title='bbox 715 1433 856 1499; x_wconf 71' lang='lat' dir='ltr'><strong>ordinabit,</strong></span> <span class='ocrx_word' id='word_1_131' title='bbox 871 1434 899 1488; x_wconf 90' lang='lat' dir='ltr'>in</span> <span class='ocrx_word' id='word_1_132' title='bbox 911 1434 1067 1488; x_wconf 86' lang='lat' dir='ltr'>candelabro</span> <span class='ocrx_word' id='word_1_133' title='bbox 1078 1435 1211 1488; x_wconf 81' lang='lat' dir='ltr'>nimirum.</span> <span class='ocrx_word' id='word_1_134' title='bbox 1233 1437 1267 1488; x_wconf 77' lang='lat' dir='ltr'>At</span> 
     </span>
     <span class='ocr_line' id='line_1_14' title="bbox 101 1523 1265 1599; baseline 0.001 -20"><span class='ocrx_word' id='word_1_135' title='bbox 101 1525 204 1580; x_wconf 85' lang='lat' dir='ltr'>Graece</span> <span class='ocrx_word' id='word_1_136' title='bbox 215 1526 298 1578; x_wconf 69' lang='grc' dir='ltr'><strong>καύσει</strong></span> <span class='ocrx_word' id='word_1_137' title='bbox 310 1525 371 1578; x_wconf 71' lang='lat' dir='ltr'>atti</span> <span class='ocrx_word' id='word_1_138' title='bbox 383 1527 515 1596; x_wconf 76' lang='lat' dir='ltr'>(videlicet</span> <span class='ocrx_word' id='word_1_139' title='bbox 531 1526 628 1595; x_wconf 79' lang='lat' dir='ltr'>oleum)</span> <span class='ocrx_word' id='word_1_140' title='bbox 641 1524 746 1597; x_wconf 78' lang='grc' dir='ltr'>Ἀαρὼν,</span> <span class='ocrx_word' id='word_1_141' title='bbox 764 1527 805 1579; x_wconf 84' lang='lat' dir='ltr'>aad</span> <span class='ocrx_word' id='word_1_142' title='bbox 822 1526 868 1580; x_wconf 77' lang='lat' dir='ltr'>brol</span> <span class='ocrx_word' id='word_1_143' title='bbox 880 1527 956 1580; x_wconf 77' lang='grc' dir='ltr'><strong>αὐτοῦ</strong></span> <span class='ocrx_word' id='word_1_144' title='bbox 970 1526 1012 1598; x_wconf 82' lang='lat' dir='ltr'>aip&#39;</span> <span class='ocrx_word' id='word_1_145' title='bbox 1022 1526 1123 1598; x_wconf 71' lang='lat' dir='ltr'>iaaipac</span> <span class='ocrx_word' id='word_1_146' title='bbox 1135 1527 1181 1589; x_wconf 72' lang='lat' dir='ltr'>iaec</span> <span class='ocrx_word' id='word_1_147' title='bbox 1193 1523 1265 1599; x_wconf 73' lang='lat' dir='ltr'>apati.</span> 
     </span>
     <span class='ocr_line' id='line_1_15' title="bbox 100 1609 1266 1683; baseline 0.002 -19"><span class='ocrx_word' id='word_1_148' title='bbox 100 1609 157 1664; x_wconf 78' lang='lat' dir='ltr'>Sed</span> <span class='ocrx_word' id='word_1_149' title='bbox 167 1611 195 1664; x_wconf 90' lang='lat' dir='ltr'>in</span> <span class='ocrx_word' id='word_1_150' title='bbox 209 1611 254 1665; x_wconf 90' lang='lat' dir='ltr'>iiio</span> <span class='ocrx_word' id='word_1_151' title='bbox 268 1611 340 1676; x_wconf 91' lang='lat' dir='ltr'>loco,</span> <span class='ocrx_word' id='word_1_152' title='bbox 357 1627 435 1682; x_wconf 89' lang='lat' dir='ltr'>quern</span> <span class='ocrx_word' id='word_1_153' title='bbox 447 1611 585 1666; x_wconf 80' lang='lat' dir='ltr'>Abuieneie</span> <span class='ocrx_word' id='word_1_154' title='bbox 601 1629 634 1664; x_wconf 92' lang='lat' dir='ltr'>ex</span> <span class='ocrx_word' id='word_1_155' title='bbox 647 1627 778 1682; x_wconf 81' lang='lat' dir='ltr'>capua.</span> <span class='ocrx_word' id='word_1_156' title='bbox 791 1629 857 1666; x_wconf 89' lang='lat' dir='ltr'>com.</span> <span class='ocrx_word' id='word_1_157' title='bbox 867 1611 891 1666; x_wconf 90' lang='lat'>8.</span> <span class='ocrx_word' id='word_1_158' title='bbox 903 1612 1013 1683; x_wconf 80' lang='lat' dir='ltr'>profert,</span> <span class='ocrx_word' id='word_1_159' title='bbox 1028 1629 1075 1683; x_wconf 92' lang='lat' dir='ltr'>pro</span> <span class='ocrx_word' id='word_1_160' title='bbox 1092 1613 1185 1668; x_wconf 80' lang='lat' dir='ltr'>Latino</span> <span class='ocrx_word' id='word_1_161' title='bbox 1201 1631 1266 1667; x_wconf 82' lang='lat' dir='ltr'>coar-</span> 
     </span>
     <span class='ocr_line' id='line_1_16' title="bbox 96 1697 1266 1768; baseline 0.003 -20"><span class='ocrx_word' id='word_1_162' title='bbox 96 1699 214 1766; x_wconf 76' lang='lat' dir='ltr'>pancada&#39;</span> <span class='ocrx_word' id='word_1_163' title='bbox 222 1697 361 1762; x_wconf 78' lang='lat' dir='ltr'>vocabulo,</span> <span class='ocrx_word' id='word_1_164' title='bbox 373 1697 499 1752; x_wconf 89' lang='lat' dir='ltr'>Hebraice</span> <span class='ocrx_word' id='word_1_165' title='bbox 511 1703 631 1762; x_wconf 58' lang='lat' dir='ltr'>sinin,</span> <span class='ocrx_word' id='word_1_166' title='bbox 644 1697 713 1766; x_wconf 87' lang='lat' dir='ltr'>quod</span> <span class='ocrx_word' id='word_1_167' title='bbox 725 1704 764 1751; x_wconf 86' lang='lat' dir='ltr'>eat</span> <span class='ocrx_word' id='word_1_168' title='bbox 775 1704 863 1768; x_wconf 89' lang='lat' dir='ltr'>aptare</span> <span class='ocrx_word' id='word_1_169' title='bbox 876 1713 905 1750; x_wconf 86' lang='lat' dir='ltr'>ac</span> <span class='ocrx_word' id='word_1_170' title='bbox 918 1713 1070 1768; x_wconf 80' lang='lat' dir='ltr'>repurgare,</span> <span class='ocrx_word' id='word_1_171' title='bbox 1083 1699 1123 1751; x_wconf 81' lang='lat' dir='ltr'>rei</span> <span class='ocrx_word' id='word_1_172' title='bbox 1132 1699 1266 1768; x_wconf 81' lang='lat' dir='ltr'>patinara·</span> 
     </span>
     <span class='ocr_line' id='line_1_17' title="bbox 100 1779 1288 1854; baseline 0 -18"><span class='ocrx_word' id='word_1_173' title='bbox 100 1781 228 1847; x_wconf 88' lang='lat' dir='ltr'>condere,</span> <span class='ocrx_word' id='word_1_174' title='bbox 241 1781 340 1836; x_wconf 85' lang='lat' dir='ltr'>Graece</span> <span class='ocrx_word' id='word_1_175' title='bbox 352 1779 519 1852; x_wconf 62' lang='lat' dir='ltr'>inararem,</span> <span class='ocrx_word' id='word_1_176' title='bbox 531 1781 581 1836; x_wconf 88' lang='lat' dir='ltr'>bac</span> <span class='ocrx_word' id='word_1_177' title='bbox 593 1789 633 1836; x_wconf 87' lang='lat' dir='ltr'>eet</span> <span class='ocrx_word' id='word_1_178' title='bbox 643 1783 670 1836; x_wconf 93' lang='lat' dir='ltr'>in</span> <span class='ocrx_word' id='word_1_179' title='bbox 682 1783 739 1836; x_wconf 89' lang='lat' dir='ltr'>loco</span> <span class='ocrx_word' id='word_1_180' title='bbox 751 1799 799 1836; x_wconf 88' lang='lat' dir='ltr'>eno</span> <span class='ocrx_word' id='word_1_181' title='bbox 809 1798 839 1836; x_wconf 86' lang='lat' dir='ltr'>ac</span> <span class='ocrx_word' id='word_1_182' title='bbox 851 1782 926 1836; x_wconf 88' lang='lat' dir='ltr'>theca</span> <span class='ocrx_word' id='word_1_183' title='bbox 935 1783 979 1836; x_wconf 77' lang='lat' dir='ltr'>vei</span> <span class='ocrx_word' id='word_1_184' title='bbox 991 1783 1056 1836; x_wconf 87' lang='lat' dir='ltr'>celia</span> <span class='ocrx_word' id='word_1_185' title='bbox 1067 1799 1197 1854; x_wconf 85' lang='lat' dir='ltr'>reponare.</span> <span class='ocrx_word' id='word_1_186' title='bbox 1222 1783 1266 1838; x_wconf 78' lang='lat' dir='ltr'>Sic</span> <span class='ocrx_word' id='word_1_187' title='bbox 1284 1785 1288 1800; x_wconf 77' lang='lat'><strong>¹</strong></span> 
     </span>
     <span class='ocr_line' id='line_1_18' title="bbox 101 1867 1265 1938; baseline 0.003 -19"><span class='ocrx_word' id='word_1_188' title='bbox 101 1883 259 1936; x_wconf 85' lang='lat' dir='ltr'>componere</span> <span class='ocrx_word' id='word_1_189' title='bbox 271 1875 405 1922; x_wconf 74' lang='lat' dir='ltr'>mannum</span> <span class='ocrx_word' id='word_1_190' title='bbox 416 1869 443 1922; x_wconf 90' lang='lat' dir='ltr'>in</span> <span class='ocrx_word' id='word_1_191' title='bbox 454 1870 534 1934; x_wconf 84' lang='lat' dir='ltr'>lecto,</span> <span class='ocrx_word' id='word_1_192' title='bbox 552 1867 622 1938; x_wconf 88' lang='lat' dir='ltr'>quod</span> <span class='ocrx_word' id='word_1_193' title='bbox 639 1885 687 1921; x_wconf 87' lang='lat' dir='ltr'>noa</span> <span class='ocrx_word' id='word_1_194' title='bbox 703 1867 812 1922; x_wconf 80' lang='lat' dir='ltr'>dicimus</span> <span class='ocrx_word' id='word_1_195' title='bbox 825 1887 942 1937; x_wconf 83' lang='lat' dir='ltr'>apencer.</span> <span class='ocrx_word' id='word_1_196' title='bbox 976 1867 1075 1921; x_wconf 85' lang='lat' dir='ltr'>Ibidem</span> <span class='ocrx_word' id='word_1_197' title='bbox 1091 1883 1152 1921; x_wconf 79' lang='lat' dir='ltr'>vero</span> <span class='ocrx_word' id='word_1_198' title='bbox 1170 1885 1217 1938; x_wconf 91' lang='lat' dir='ltr'>pro</span> <span class='ocrx_word' id='word_1_199' title='bbox 1235 1885 1265 1922; x_wconf 91' lang='lat' dir='ltr'>eo</span> 
     </span>
     <span class='ocr_line' id='line_1_19' title="bbox 101 1951 1267 2024; baseline 0.003 -19"><span class='ocrx_word' id='word_1_200' title='bbox 101 1951 287 2022; x_wconf 80' lang='lat' dir='ltr'>quodLaiinue</span> <span class='ocrx_word' id='word_1_201' title='bbox 296 1953 422 2024; x_wconf 78' lang='lat' dir='ltr'>interpret</span> <span class='ocrx_word' id='word_1_202' title='bbox 430 1951 520 2008; x_wconf 80' lang='lat' dir='ltr'>habet:</span> <span class='ocrx_word' id='word_1_203' title='bbox 532 1956 632 2023; x_wconf 61' lang='lat' dir='ltr'>wanda</span> <span class='ocrx_word' id='word_1_204' title='bbox 642 1955 749 2007; x_wconf 79' lang='lat' dir='ltr'>collocat</span> <span class='ocrx_word' id='word_1_205' title='bbox 759 1971 803 2006; x_wconf 86' lang='lat' dir='ltr'>car</span> <span class='ocrx_word' id='word_1_206' title='bbox 812 1957 849 2008; x_wconf 85' lang='lat' dir='ltr'>ad</span> <span class='ocrx_word' id='word_1_207' title='bbox 857 1971 998 2024; x_wconf 78' lang='lat' dir='ltr'>creperum,</span> <span class='ocrx_word' id='word_1_208' title='bbox 1008 1953 1132 2006; x_wconf 73' lang='lat' dir='ltr'>Hebraico</span> <span class='ocrx_word' id='word_1_209' title='bbox 1141 1953 1267 2024; x_wconf 81' lang='lat' dir='ltr'>eoriptum</span> 
     </span>
     <span class='ocr_line' id='line_1_20' title="bbox 100 2010 1266 2111; baseline 0.002 -21"><span class='ocrx_word' id='word_1_210' title='bbox 100 2044 144 2090; x_wconf 86' lang='lat' dir='ltr'>eet</span> <span class='ocrx_word' id='word_1_211' title='bbox 156 2010 272 2111; x_wconf 54' lang='lat' dir='ltr'>{libyn</span> <span class='ocrx_word' id='word_1_212' title='bbox 284 2037 333 2092; x_wconf 88' lang='lat' dir='ltr'>boc</span> <span class='ocrx_word' id='word_1_213' title='bbox 345 2046 385 2092; x_wconf 85' lang='lat' dir='ltr'>eat</span> <span class='ocrx_word' id='word_1_214' title='bbox 393 2039 523 2104; x_wconf 78' lang='lat' dir='ltr'>attollere,</span> <span class='ocrx_word' id='word_1_215' title='bbox 534 2040 668 2109; x_wconf 81' lang='lat' dir='ltr'>imponere</span> <span class='ocrx_word' id='word_1_216' title='bbox 677 2039 845 2093; x_wconf 64' lang='lat' dir='ltr'>candelabros</span> <span class='ocrx_word' id='word_1_217' title='bbox 857 2035 1045 2108; x_wconf 65' lang='lat' dir='ltr'>annitimur,</span> <span class='ocrx_word' id='word_1_218' title='bbox 1057 2038 1204 2093; x_wconf 85' lang='lat' dir='ltr'>accendere.</span> <span class='ocrx_word' id='word_1_219' title='bbox 1222 2039 1266 2094; x_wconf 80' lang='lat' dir='ltr'>Sic</span> 
     </span>
     <span class='ocr_line' id='line_1_21' title="bbox 99 2121 1266 2194; baseline 0.002 -18"><span class='ocrx_word' id='word_1_220' title='bbox 99 2123 149 2178; x_wconf 90' lang='lat' dir='ltr'>lib.</span> <span class='ocrx_word' id='word_1_221' title='bbox 159 2141 178 2177; x_wconf 90' lang='lat' dir='ltr'>r.</span> <span class='ocrx_word' id='word_1_222' title='bbox 194 2121 259 2194; x_wconf 73' lang='lat' dir='ltr'>aeg.</span> <span class='ocrx_word' id='word_1_223' title='bbox 277 2139 308 2177; x_wconf 88' lang='lat' dir='ltr'>eo</span> <span class='ocrx_word' id='word_1_224' title='bbox 324 2123 395 2188; x_wconf 91' lang='lat' dir='ltr'>loco,</span> <span class='ocrx_word' id='word_1_225' title='bbox 411 2141 488 2194; x_wconf 86' lang='lat' dir='ltr'>quem</span> <span class='ocrx_word' id='word_1_226' title='bbox 505 2123 674 2178; x_wconf 74' lang='lat' dir='ltr'>adduximus:</span> <span class='ocrx_word' id='word_1_227' title='bbox 699 2125 820 2178; x_wconf 79' lang='lat' dir='ltr'>Lucerna</span> <span class='ocrx_word' id='word_1_228' title='bbox 832 2127 875 2177; x_wconf 85' lang='lat' dir='ltr'>dci</span> <span class='ocrx_word' id='word_1_229' title='bbox 885 2133 1018 2194; x_wconf 77' lang='lat' dir='ltr'>antequam</span> <span class='ocrx_word' id='word_1_230' title='bbox 1030 2129 1224 2192; x_wconf 79' lang='lat' dir='ltr'>ertlupacretrrr,</span> <span class='ocrx_word' id='word_1_231' title='bbox 1238 2126 1266 2178; x_wconf 92' lang='lat' dir='ltr'>in</span> 
     </span>
     <span class='ocr_line' id='line_1_22' title="bbox 101 2207 1268 2282; baseline 0.002 -20"><span class='ocrx_word' id='word_1_232' title='bbox 101 2208 171 2278; x_wconf 73' lang='lat' dir='ltr'>laag.</span> <span class='ocrx_word' id='word_1_233' title='bbox 188 2215 230 2262; x_wconf 88' lang='lat' dir='ltr'>eet</span> <span class='ocrx_word' id='word_1_234' title='bbox 245 2207 445 2278; x_wconf 73' lang='grc' dir='ltr'><strong>κατασβεσθῆνιι.</strong></span> <span class='ocrx_word' id='word_1_235' title='bbox 480 2210 510 2264; x_wconf 90' lang='lat' dir='ltr'>Iu</span> <span class='ocrx_word' id='word_1_236' title='bbox 527 2209 645 2264; x_wconf 81' lang='lat' dir='ltr'>Hditione</span> <span class='ocrx_word' id='word_1_237' title='bbox 662 2209 731 2264; x_wconf 78' lang='lat' dir='ltr'>sixti</span> <span class='ocrx_word' id='word_1_238' title='bbox 748 2208 955 2276; x_wconf 70' lang='grc' dir='ltr'>ἐπισκευασθῆναι</span> <span class='ocrx_word' id='word_1_239' title='bbox 988 2209 1029 2262; x_wconf 83' lang='lat' dir='ltr'>iix</span> <span class='ocrx_word' id='word_1_240' title='bbox 1048 2211 1142 2280; x_wconf 84' lang='lat' dir='ltr'>quibua</span> <span class='ocrx_word' id='word_1_241' title='bbox 1160 2215 1268 2282; x_wconf 85' lang='lat' dir='ltr'>apparet</span> 
     </span>
     <span class='ocr_line' id='line_1_23' title="bbox 100 2293 1267 2366; baseline 0.002 -19"><span class='ocrx_word' id='word_1_242' title='bbox 100 2293 175 2347; x_wconf 87' lang='lat' dir='ltr'>idena</span> <span class='ocrx_word' id='word_1_243' title='bbox 190 2309 247 2347; x_wconf 83' lang='lat' dir='ltr'>area</span> <span class='ocrx_word' id='word_1_244' title='bbox 264 2295 391 2348; x_wconf 88' lang='lat' dir='ltr'>coHocara</span> <span class='ocrx_word' id='word_1_245' title='bbox 406 2295 539 2361; x_wconf 84' lang='lat' dir='ltr'>lucernae,</span> <span class='ocrx_word' id='word_1_246' title='bbox 557 2295 627 2365; x_wconf 86' lang='lat' dir='ltr'>quod</span> <span class='ocrx_word' id='word_1_247' title='bbox 644 2296 761 2348; x_wconf 76' lang='lat' dir='ltr'>attollere</span> <span class='ocrx_word' id='word_1_248' title='bbox 778 2311 856 2366; x_wconf 85' lang='lat' dir='ltr'>anper</span> <span class='ocrx_word' id='word_1_249' title='bbox 873 2295 1056 2350; x_wconf 86' lang='lat' dir='ltr'>candelabrum</span> <span class='ocrx_word' id='word_1_250' title='bbox 1073 2303 1099 2348; x_wconf 90' lang='lat' dir='ltr'>et</span> <span class='ocrx_word' id='word_1_251' title='bbox 1114 2296 1267 2349; x_wconf 77' lang='lat' dir='ltr'>accendere:</span> 
     </span>
     <span class='ocr_line' id='line_1_24' title="bbox 101 2379 1266 2452; baseline 0.003 -19"><span class='ocrx_word' id='word_1_252' title='bbox 101 2385 264 2434; x_wconf 73' lang='lat' dir='ltr'>contravero</span> <span class='ocrx_word' id='word_1_253' title='bbox 276 2395 432 2451; x_wconf 88' lang='lat' dir='ltr'>componere</span> <span class='ocrx_word' id='word_1_254' title='bbox 442 2379 511 2434; x_wconf 87' lang='lat' dir='ltr'>idem</span> <span class='ocrx_word' id='word_1_255' title='bbox 523 2397 580 2434; x_wconf 85' lang='lat' dir='ltr'>eree</span> <span class='ocrx_word' id='word_1_256' title='bbox 591 2385 670 2451; x_wconf 87' lang='lat' dir='ltr'>atque</span> <span class='ocrx_word' id='word_1_257' title='bbox 682 2381 810 2435; x_wconf 79' lang='lat' dir='ltr'>extinctae</span> <span class='ocrx_word' id='word_1_258' title='bbox 823 2380 955 2434; x_wconf 78' lang='lat' dir='ltr'>detrahere</span> <span class='ocrx_word' id='word_1_259' title='bbox 967 2387 994 2434; x_wconf 90' lang='lat' dir='ltr'>et</span> <span class='ocrx_word' id='word_1_260' title='bbox 1005 2397 1053 2434; x_wconf 84' lang='lat' dir='ltr'>ano</span> <span class='ocrx_word' id='word_1_261' title='bbox 1065 2383 1122 2434; x_wconf 88' lang='lat' dir='ltr'>ioco</span> <span class='ocrx_word' id='word_1_262' title='bbox 1133 2397 1266 2452; x_wconf 89' lang='lat' dir='ltr'>reponere.</span> 
     </span>
     <span class='ocr_line' id='line_1_25' title="bbox 101 2465 1266 2537; baseline 0.002 -18"><span class='ocrx_word' id='word_1_263' title='bbox 101 2465 187 2519; x_wconf 85' lang='lat' dir='ltr'>lirant</span> <span class='ocrx_word' id='word_1_264' title='bbox 194 2466 264 2519; x_wconf 87' lang='lat' dir='ltr'>enim</span> <span class='ocrx_word' id='word_1_265' title='bbox 273 2466 426 2536; x_wconf 83' lang='lat' dir='ltr'>exemptiler</span> <span class='ocrx_word' id='word_1_266' title='bbox 434 2467 567 2532; x_wconf 85' lang='lat' dir='ltr'>lucernae,</span> <span class='ocrx_word' id='word_1_267' title='bbox 579 2481 647 2537; x_wconf 89' lang='lat' dir='ltr'>quae</span> <span class='ocrx_word' id='word_1_268' title='bbox 656 2466 810 2520; x_wconf 88' lang='lat' dir='ltr'>candelabro</span> <span class='ocrx_word' id='word_1_269' title='bbox 819 2467 869 2520; x_wconf 85' lang='lat' dir='ltr'>aab</span> <span class='ocrx_word' id='word_1_270' title='bbox 878 2473 981 2520; x_wconf 89' lang='lat' dir='ltr'>noctem</span> <span class='ocrx_word' id='word_1_271' title='bbox 990 2467 1141 2537; x_wconf 79' lang='lat' dir='ltr'>impositae,</span> <span class='ocrx_word' id='word_1_272' title='bbox 1153 2467 1266 2522; x_wconf 85' lang='lat' dir='ltr'>diluculo</span> 
     </span>
     <span class='ocr_line' id='line_1_26' title="bbox 102 2551 1267 2623; baseline 0.002 -19"><span class='ocrx_word' id='word_1_273' title='bbox 102 2552 278 2606; x_wconf 86' lang='lat' dir='ltr'>demerentur.</span> <span class='ocrx_word' id='word_1_274' title='bbox 300 2551 449 2611; x_wconf 81' lang='lat' dir='ltr'>Exodrxv.</span> <span class='ocrx_word' id='word_1_275' title='bbox 463 2567 663 2606; x_wconf 68' lang='lat' dir='ltr'>commarrvrr.</span> <span class='ocrx_word' id='word_1_276' title='bbox 686 2551 782 2604; x_wconf 77' lang='lat' dir='ltr'>Factae</span> <span class='ocrx_word' id='word_1_277' title='bbox 793 2561 818 2604; x_wconf 86' lang='lat' dir='ltr'>ct</span> <span class='ocrx_word' id='word_1_278' title='bbox 828 2555 946 2604; x_wconf 79' lang='lat' dir='ltr'>lacernae</span> <span class='ocrx_word' id='word_1_279' title='bbox 955 2569 1001 2606; x_wconf 83' lang='lat' dir='ltr'>vn.</span> <span class='ocrx_word' id='word_1_280' title='bbox 1014 2561 1039 2604; x_wconf 86' lang='lat' dir='ltr'>ct</span> <span class='ocrx_word' id='word_1_281' title='bbox 1045 2571 1124 2621; x_wconf 82' lang='lat' dir='ltr'>panea</span> <span class='ocrx_word' id='word_1_282' title='bbox 1135 2571 1180 2604; x_wconf 84' lang='lat' dir='ltr'>ear</span> <span class='ocrx_word' id='word_1_283' title='bbox 1191 2571 1267 2623; x_wconf 83' lang='lat' dir='ltr'>cuper</span> 
     </span>
     <span class='ocr_line' id='line_1_27' title="bbox 102 2635 1267 2708; baseline 0 -18"><span class='ocrx_word' id='word_1_284' title='bbox 102 2638 296 2692; x_wconf 78' lang='lat' dir='ltr'>caudelabrum.</span> <span class='ocrx_word' id='word_1_285' title='bbox 320 2635 414 2692; x_wconf 76' lang='lat' dir='ltr'>Libra</span> <span class='ocrx_word' id='word_1_286' title='bbox 427 2637 485 2692; x_wconf 72' lang='lat' dir='ltr'>Pet.</span> <span class='ocrx_word' id='word_1_287' title='bbox 498 2651 555 2708; x_wconf 82' lang='lat' dir='ltr'>cap.</span> <span class='ocrx_word' id='word_1_288' title='bbox 564 2655 630 2703; x_wconf 73' lang='lat' dir='ltr'>rua,</span> <span class='ocrx_word' id='word_1_289' title='bbox 645 2637 697 2690; x_wconf 86' lang='lat' dir='ltr'>li.:</span> <span class='ocrx_word' id='word_1_290' title='bbox 721 2636 816 2706; x_wconf 80' lang='lat' dir='ltr'>Eatpnc</span> <span class='ocrx_word' id='word_1_291' title='bbox 832 2639 903 2706; x_wconf 80' lang='lat' dir='ltr'>apud</span> <span class='ocrx_word' id='word_1_292' title='bbox 914 2655 958 2690; x_wconf 83' lang='lat' dir='ltr'>aaa</span> <span class='ocrx_word' id='word_1_293' title='bbox 970 2637 1151 2697; x_wconf 71' lang='lat' dir='ltr'>candelabrum</span> <span class='ocrx_word' id='word_1_294' title='bbox 1164 2655 1267 2690; x_wconf 78' lang='lat' dir='ltr'>aureum</span> 
     </span>
     <span class='ocr_line' id='line_1_28' title="bbox 102 2719 1268 2791; baseline -0.001 -15"><span class='ocrx_word' id='word_1_295' title='bbox 102 2731 129 2776; x_wconf 82' lang='lat' dir='ltr'>ct</span> <span class='ocrx_word' id='word_1_296' title='bbox 139 2723 262 2776; x_wconf 62' lang='lat' dir='ltr'>murac</span> <span class='ocrx_word' id='word_1_297' title='bbox 272 2726 337 2786; x_wconf 82' lang='lat' dir='ltr'>ctae,</span> <span class='ocrx_word' id='word_1_298' title='bbox 349 2733 377 2776; x_wconf 83' lang='lat' dir='ltr'>at</span> <span class='ocrx_word' id='word_1_299' title='bbox 387 2725 563 2776; x_wconf 79' lang='lat' dir='ltr'>accendantur</span> <span class='ocrx_word' id='word_1_300' title='bbox 573 2739 670 2791; x_wconf 82' lang='lat' dir='ltr'>aempcr</span> <span class='ocrx_word' id='word_1_301' title='bbox 682 2723 719 2774; x_wconf 85' lang='lat' dir='ltr'>ad</span> <span class='ocrx_word' id='word_1_302' title='bbox 729 2739 867 2791; x_wconf 76' lang='lat' dir='ltr'>coeperam.</span> <span class='ocrx_word' id='word_1_303' title='bbox 902 2721 931 2774; x_wconf 87' lang='lat' dir='ltr'>Si</span> <span class='ocrx_word' id='word_1_304' title='bbox 947 2719 980 2772; x_wconf 90' lang='lat' dir='ltr'>ad</span> <span class='ocrx_word' id='word_1_305' title='bbox 991 2736 1126 2790; x_wconf 76' lang='lat' dir='ltr'>vesperam</span> <span class='ocrx_word' id='word_1_306' title='bbox 1142 2722 1268 2776; x_wconf 77' lang='lat' dir='ltr'>accende-</span> 
     </span>
     <span class='ocr_line' id='line_1_29' title="bbox 101 2803 1267 2878; baseline -0.002 -16"><span class='ocrx_word' id='word_1_307' title='bbox 101 2809 208 2873; x_wconf 81' lang='lat' dir='ltr'>bantur,</span> <span class='ocrx_word' id='word_1_308' title='bbox 220 2823 282 2878; x_wconf 77' lang='lat' dir='ltr'>ergo</span> <span class='ocrx_word' id='word_1_309' title='bbox 293 2807 404 2862; x_wconf 84' lang='lat' dir='ltr'>interdiu</span> <span class='ocrx_word' id='word_1_310' title='bbox 416 2814 490 2862; x_wconf 87' lang='lat' dir='ltr'>erant</span> <span class='ocrx_word' id='word_1_311' title='bbox 500 2807 639 2872; x_wconf 82' lang='lat' dir='ltr'>extinctae,</span> <span class='ocrx_word' id='word_1_312' title='bbox 650 2823 704 2860; x_wconf 91' lang='lat' dir='ltr'>non</span> <span class='ocrx_word' id='word_1_313' title='bbox 712 2806 791 2860; x_wconf 88' lang='lat' dir='ltr'>modo</span> <span class='ocrx_word' id='word_1_314' title='bbox 799 2824 834 2860; x_wconf 76' lang='grc' dir='ltr'>ιι.</span> <span class='ocrx_word' id='word_1_315' title='bbox 847 2811 877 2858; x_wconf 87' lang='lat' dir='ltr'>ut</span> <span class='ocrx_word' id='word_1_316' title='bbox 885 2803 1010 2876; x_wconf 86' lang='lat' dir='ltr'>loeephne</span> <span class='ocrx_word' id='word_1_317' title='bbox 1019 2805 1107 2872; x_wconf 85' lang='lat' dir='ltr'>credit,</span> <span class='ocrx_word' id='word_1_318' title='bbox 1118 2806 1164 2860; x_wconf 81' lang='lat' dir='ltr'>ced</span> <span class='ocrx_word' id='word_1_319' title='bbox 1176 2823 1267 2860; x_wconf 87' lang='lat' dir='ltr'>omnaa</span> 
     </span>
    </p>
   </div>
   <div class='ocr_carea' id='block_1_3' title="bbox 101 2897 1267 3050">
    <p class='ocr_par' dir='ltr' id='par_1_3' title="bbox 101 2897 1267 3050">
     <span class='ocr_line' id='line_1_30' title="bbox 101 2897 1267 3050; baseline 0.002 -19"><span class='ocrx_word' id='word_1_320' title='bbox 101 2897 213 3031; x_wconf 45' lang='lat' dir='ltr'>m&amp;</span> <span class='ocrx_word' id='word_1_321' title='bbox 223 2977 309 3048; x_wconf 66' lang='grc' dir='ltr'>γέγονε</span> <span class='ocrx_word' id='word_1_322' title='bbox 320 2975 367 3050; x_wconf 72' lang='grc' dir='ltr'>γὰρ</span> <span class='ocrx_word' id='word_1_323' title='bbox 378 2977 407 3030; x_wconf 83' lang='lat' dir='ltr'>rb</span> <span class='ocrx_word' id='word_1_324' title='bbox 422 2976 567 3046; x_wconf 64' lang='lat' dir='ltr'>elitaret]</span> <span class='ocrx_word' id='word_1_325' title='bbox 601 2978 667 3032; x_wconf 87' lang='lat' dir='ltr'>Huic</span> <span class='ocrx_word' id='word_1_326' title='bbox 687 2975 766 3030; x_wconf 79' lang='lat' dir='ltr'>affine</span> <span class='ocrx_word' id='word_1_327' title='bbox 786 2983 826 3030; x_wconf 80' lang='lat' dir='ltr'>eat</span> <span class='ocrx_word' id='word_1_328' title='bbox 845 2976 915 3047; x_wconf 89' lang='lat' dir='ltr'>quod</span> <span class='ocrx_word' id='word_1_329' title='bbox 935 2976 966 3031; x_wconf 87' lang='lat' dir='ltr'>R.</span> <span class='ocrx_word' id='word_1_330' title='bbox 985 2977 1059 3030; x_wconf 86' lang='lat' dir='ltr'>liora</span> <span class='ocrx_word' id='word_1_331' title='bbox 1080 2977 1130 3032; x_wconf 91' lang='lat' dir='ltr'>ben</span> <span class='ocrx_word' id='word_1_332' title='bbox 1149 2978 1267 3034; x_wconf 84' lang='lat' dir='ltr'>linimen</span> 
     </span>
    </p>
   </div>
   <div class='ocr_carea' id='block_1_4' title="bbox 101 3043 1267 3260">
    <p class='ocr_par' dir='ltr' id='par_1_4' title="bbox 101 3043 1267 3260">
     <span class='ocr_line' id='line_1_31' title="bbox 101 3043 1266 3164; baseline 0.007 -38"><span class='ocrx_word' id='word_1_333' title='bbox 101 3077 179 3143; x_wconf 87' lang='lat' dir='ltr'>parte</span> <span class='ocrx_word' id='word_1_334' title='bbox 189 3091 208 3127; x_wconf 92' lang='lat' dir='ltr'>r.</span> <span class='ocrx_word' id='word_1_335' title='bbox 222 3071 275 3127; x_wconf 88' lang='lat' dir='ltr'>lad.</span> <span class='ocrx_word' id='word_1_336' title='bbox 287 3071 371 3127; x_wconf 78' lang='lat' dir='ltr'>&#39;irari</span> <span class='ocrx_word' id='word_1_337' title='bbox 383 3071 415 3125; x_wconf 88' lang='lat' dir='ltr'>da</span> <span class='ocrx_word' id='word_1_338' title='bbox 427 3071 542 3126; x_wconf 81' lang='lat' dir='ltr'>Sabbata</span> <span class='ocrx_word' id='word_1_339' title='bbox 554 3087 609 3143; x_wconf 88' lang='lat' dir='ltr'>cap.</span> <span class='ocrx_word' id='word_1_340' title='bbox 619 3089 647 3127; x_wconf 87' lang='lat' dir='ltr'>n.</span> <span class='ocrx_word' id='word_1_341' title='bbox 661 3071 835 3139; x_wconf 71' lang='lat' dir='ltr'>§.1nrc1tbit</span> <span class='ocrx_word' id='word_1_342' title='bbox 850 3075 979 3134; x_wconf 61' lang='lat' dir='ltr'>&#39;iiim</span> <span class='ocrx_word' id='word_1_343' title='bbox 995 3072 1078 3164; x_wconf 57' lang='lat' dir='ltr'>iiiiii</span> <span class='ocrx_word' id='word_1_344' title='bbox 1095 3043 1193 3146; x_wconf 63' lang='lat' dir='ltr'>urob</span> <span class='ocrx_word' id='word_1_345' title='bbox 1212 3077 1266 3136; x_wconf 70' lang='lat' dir='ltr'>rita</span> 
     </span>
     <span class='ocr_line' id='line_1_32' title="bbox 101 3144 1267 3260; baseline -0.006 -23"><span class='ocrx_word' id='word_1_346' title='bbox 101 3147 216 3247; x_wconf 69' lang='lat' dir='ltr'>obora</span> <span class='ocrx_word' id='word_1_347' title='bbox 233 3147 341 3247; x_wconf 69' lang='lat' dir='ltr'>nabor</span> <span class='ocrx_word' id='word_1_348' title='bbox 359 3179 449 3237; x_wconf 69' lang='lat' dir='ltr'>acar</span> <span class='ocrx_word' id='word_1_349' title='bbox 468 3177 582 3236; x_wconf 67' lang='lat' dir='ltr'>naar</span> <span class='ocrx_word' id='word_1_350' title='bbox 601 3145 673 3244; x_wconf 77' lang='lat' dir='ltr'>aba</span> <span class='ocrx_word' id='word_1_351' title='bbox 688 3144 798 3248; x_wconf 72' lang='lat' dir='ltr'>aba:</span> <span class='ocrx_word' id='word_1_352' title='bbox 813 3177 908 3260; x_wconf 71' lang='lat' dir='ltr'>raupa</span> <span class='ocrx_word' id='word_1_353' title='bbox 923 3177 1054 3236; x_wconf 66' lang='lat' dir='ltr'>aaran.</span> <span class='ocrx_word' id='word_1_354' title='bbox 1080 3173 1163 3240; x_wconf 64' lang='lat' dir='ltr'>rea,</span> <span class='ocrx_word' id='word_1_355' title='bbox 1175 3175 1267 3247; x_wconf 72' lang='lat' dir='ltr'>aqua,</span> 
     </span>
    </p>
   </div>
   <div class='ocr_carea' id='block_1_5' title="bbox 102 3259 1267 3502">
    <p class='ocr_par' dir='ltr' id='par_1_5' title="bbox 102 3259 1267 3502">
     <span class='ocr_line' id='line_1_33' title="bbox 102 3259 1266 3330; baseline 0.001 -16"><span class='ocrx_word' id='word_1_356' title='bbox 102 3263 233 3324; x_wconf 81' lang='lat' dir='ltr'>dtdr‘cr‘atr&#39;,</span> <span class='ocrx_word' id='word_1_357' title='bbox 245 3261 323 3330; x_wconf 83' lang='lat' dir='ltr'>Icpem</span> <span class='ocrx_word' id='word_1_358' title='bbox 335 3277 459 3330; x_wconf 78' lang='lat' dir='ltr'>uunquam</span> <span class='ocrx_word' id='word_1_359' title='bbox 470 3264 568 3313; x_wconf 73' lang='lat' dir='ltr'>cannino</span> <span class='ocrx_word' id='word_1_360' title='bbox 581 3261 705 3312; x_wconf 64' lang='lat' dir='ltr'>crudelem</span> <span class='ocrx_word' id='word_1_361' title='bbox 718 3269 742 3311; x_wconf 86' lang='lat' dir='ltr'>et</span> <span class='ocrx_word' id='word_1_362' title='bbox 752 3259 914 3311; x_wconf 64' lang='lat' dir='ltr'>{inhumanam</span> <span class='ocrx_word' id='word_1_363' title='bbox 927 3277 991 3324; x_wconf 82' lang='lat' dir='ltr'>carc,</span> <span class='ocrx_word' id='word_1_364' title='bbox 1008 3261 1054 3312; x_wconf 85' lang='lat' dir='ltr'>aed</span> <span class='ocrx_word' id='word_1_365' title='bbox 1065 3263 1266 3326; x_wconf 80' lang='lat' dir='ltr'>rur&#39;acrr&#39;cardt&#39;ac,</span> 
     </span>
     <span class='ocr_line' id='line_1_34' title="bbox 102 3343 1267 3417; baseline 0.003 -19"><span class='ocrx_word' id='word_1_366' title='bbox 102 3347 269 3414; x_wconf 78' lang='lat' dir='ltr'>bentpaitao&#39;a</span> <span class='ocrx_word' id='word_1_367' title='bbox 280 3363 312 3398; x_wconf 86' lang='lat' dir='ltr'>ac</span> <span class='ocrx_word' id='word_1_368' title='bbox 321 3349 399 3416; x_wconf 76' lang='lat' dir='ltr'>pacta</span> <span class='ocrx_word' id='word_1_369' title='bbox 405 3347 588 3416; x_wconf 70' lang='lat' dir='ltr'>plenissimam.</span> <span class='ocrx_word' id='word_1_370' title='bbox 621 3343 659 3397; x_wconf 89' lang='lat' dir='ltr'>De</span> <span class='ocrx_word' id='word_1_371' title='bbox 675 3343 783 3398; x_wconf 79' lang='lat' dir='ltr'>sabbato</span> <span class='ocrx_word' id='word_1_372' title='bbox 795 3361 856 3398; x_wconf 82' lang='lat' dir='ltr'>vero</span> <span class='ocrx_word' id='word_1_373' title='bbox 874 3343 996 3414; x_wconf 87' lang='lat' dir='ltr'>loquitor,</span> <span class='ocrx_word' id='word_1_374' title='bbox 1013 3345 1082 3416; x_wconf 90' lang='lat' dir='ltr'>quod</span> <span class='ocrx_word' id='word_1_375' title='bbox 1099 3353 1267 3417; x_wconf 80' lang='lat' dir='ltr'>aegrotorum</span> 
     </span>
     <span class='ocr_line' id='line_1_35' title="bbox 102 3429 1131 3502; baseline 0 -17"><span class='ocrx_word' id='word_1_376' title='bbox 102 3447 200 3485; x_wconf 71' lang='lat' dir='ltr'>canau</span> <span class='ocrx_word' id='word_1_377' title='bbox 211 3447 241 3484; x_wconf 91' lang='lat' dir='ltr'>ac</span> <span class='ocrx_word' id='word_1_378' title='bbox 252 3437 357 3502; x_wconf 88' lang='lat' dir='ltr'>propter</span> <span class='ocrx_word' id='word_1_379' title='bbox 367 3431 411 3502; x_wconf 87' lang='lat' dir='ltr'>pia</span> <span class='ocrx_word' id='word_1_380' title='bbox 422 3429 549 3501; x_wconf 87' lang='lat' dir='ltr'>quaedam</span> <span class='ocrx_word' id='word_1_381' title='bbox 560 3429 705 3483; x_wconf 84' lang='lat' dir='ltr'>ministeria</span> <span class='ocrx_word' id='word_1_382' title='bbox 715 3430 781 3484; x_wconf 81' lang='lat' dir='ltr'>eniri</span> <span class='ocrx_word' id='word_1_383' title='bbox 793 3445 870 3500; x_wconf 83' lang='lat' dir='ltr'>panae</span> <span class='ocrx_word' id='word_1_384' title='bbox 881 3429 999 3501; x_wconf 83' lang='lat' dir='ltr'>pluribus</span> <span class='ocrx_word' id='word_1_385' title='bbox 1011 3429 1131 3485; x_wconf 81' lang='lat' dir='ltr'>declarat</span> 
     </span>
    </p>
   </div>
   <div class='ocr_carea' id='block_1_6' title="bbox 363 3617 1008 3685">
    <p class='ocr_par' dir='ltr' id='par_1_6' title="bbox 363 3617 1008 3685">
     <span class='ocr_line' id='line_1_36' title="bbox 363 3617 1008 3685; baseline 0.003 -11"><span class='ocrx_word' id='word_1_386' title='bbox 363 3619 408 3674; x_wconf 80' lang='lat' dir='ltr'>al)</span> <span class='ocrx_word' id='word_1_387' title='bbox 425 3618 598 3674; x_wconf 80' lang='lat' dir='ltr'>HAHRESIM</span> <span class='ocrx_word' id='word_1_388' title='bbox 614 3617 726 3685; x_wconf 78' lang='lat' dir='ltr'>va11.,</span> <span class='ocrx_word' id='word_1_389' title='bbox 743 3617 1008 3676; x_wconf 78' lang='lat' dir='ltr'>HIEHACITAHUM.</span> 
     </span>
    </p>
   </div>
   <div class='ocr_carea' id='block_1_7' title="bbox 102 3737 1267 4236">
    <p class='ocr_par' dir='ltr' id='par_1_7' title="bbox 102 3737 1267 4236">
     <span class='ocr_line' id='line_1_37' title="bbox 171 3737 1267 3810; baseline 0 -16"><span class='ocrx_word' id='word_1_390' title='bbox 171 3740 278 3794; x_wconf 74' lang='lat' dir='ltr'>Artoria</span> <span class='ocrx_word' id='word_1_391' title='bbox 288 3739 365 3794; x_wconf 85' lang='lat' dir='ltr'>baina</span> <span class='ocrx_word' id='word_1_392' title='bbox 377 3745 463 3794; x_wconf 86' lang='lat' dir='ltr'>rectae</span> <span class='ocrx_word' id='word_1_393' title='bbox 475 3755 571 3792; x_wconf 85' lang='lat' dir='ltr'>nomen</span> <span class='ocrx_word' id='word_1_394' title='bbox 581 3739 652 3792; x_wconf 77' lang='lat' dir='ltr'>varie</span> <span class='ocrx_word' id='word_1_395' title='bbox 664 3739 805 3809; x_wconf 87' lang='lat' dir='ltr'>concipitur</span> <span class='ocrx_word' id='word_1_396' title='bbox 817 3739 896 3792; x_wconf 88' lang='lat' dir='ltr'>etiam</span> <span class='ocrx_word' id='word_1_397' title='bbox 906 3737 948 3794; x_wconf 81' lang='lat' dir='ltr'>laic</span> <span class='ocrx_word' id='word_1_398' title='bbox 960 3739 994 3793; x_wconf 89' lang='lat' dir='ltr'>ab</span> <span class='ocrx_word' id='word_1_399' title='bbox 1010 3738 1164 3810; x_wconf 79' lang='lat' dir='ltr'>Epiphanio.</span> <span class='ocrx_word' id='word_1_400' title='bbox 1199 3739 1267 3794; x_wconf 83' lang='lat' dir='ltr'>Nam</span> 
     </span>
     <span class='ocr_line' id='line_1_38' title="bbox 102 3822 1267 3896; baseline -0.001 -16"><span class='ocrx_word' id='word_1_401' title='bbox 102 3831 150 3880; x_wconf 85' lang='lat' dir='ltr'>aut</span> <span class='ocrx_word' id='word_1_402' title='bbox 159 3825 259 3880; x_wconf 87' lang='lat' dir='ltr'>Hierar</span> <span class='ocrx_word' id='word_1_403' title='bbox 270 3831 316 3880; x_wconf 89' lang='lat' dir='ltr'>aut</span> <span class='ocrx_word' id='word_1_404' title='bbox 325 3825 448 3880; x_wconf 78' lang='lat' dir='ltr'>Hierocae</span> <span class='ocrx_word' id='word_1_405' title='bbox 459 3829 575 3880; x_wconf 84' lang='lat' dir='ltr'>vocatur.</span> <span class='ocrx_word' id='word_1_406' title='bbox 606 3822 664 3888; x_wconf 85' lang='lat' dir='ltr'>Qua</span> <span class='ocrx_word' id='word_1_407' title='bbox 678 3825 814 3894; x_wconf 78' lang='lat' dir='ltr'>posteriori</span> <span class='ocrx_word' id='word_1_408' title='bbox 826 3823 1000 3896; x_wconf 82' lang='lat' dir='ltr'>appellatione</span> <span class='ocrx_word' id='word_1_409' title='bbox 1011 3832 1132 3878; x_wconf 81' lang='lat' dir='ltr'>censetur</span> <span class='ocrx_word' id='word_1_410' title='bbox 1142 3825 1211 3895; x_wconf 89' lang='lat' dir='ltr'>apud</span> <span class='ocrx_word' id='word_1_411' title='bbox 1222 3825 1267 3880; x_wconf 89' lang='lat' dir='ltr'>Hi·</span> 
     </span>
     <span class='ocr_line' id='line_1_39' title="bbox 102 3907 1267 3994; baseline -0.001 -30"><span class='ocrx_word' id='word_1_412' title='bbox 102 3911 200 3964; x_wconf 86' lang='lat' dir='ltr'>larinnr</span> <span class='ocrx_word' id='word_1_413' title='bbox 210 3911 255 3964; x_wconf 92' lang='lat' dir='ltr'>lib.</span> <span class='ocrx_word' id='word_1_414' title='bbox 265 3929 301 3964; x_wconf 83' lang='lat' dir='ltr'>rr.</span> <span class='ocrx_word' id='word_1_415' title='bbox 311 3911 343 3994; x_wconf 69' lang='lat' dir='ltr'>pie</span> <span class='ocrx_word' id='word_1_416' title='bbox 351 3911 442 3965; x_wconf 84' lang='lat' dir='ltr'>Trinit.</span> <span class='ocrx_word' id='word_1_417' title='bbox 456 3909 558 3979; x_wconf 73' lang='lat' dir='ltr'>atdug.</span> <span class='ocrx_word' id='word_1_418' title='bbox 571 3909 616 3963; x_wconf 84' lang='lat' dir='ltr'>lib.</span> <span class='ocrx_word' id='word_1_419' title='bbox 628 3909 659 3962; x_wconf 92' lang='lat' dir='ltr'>de</span> <span class='ocrx_word' id='word_1_420' title='bbox 671 3909 775 3962; x_wconf 76' lang='lat' dir='ltr'>Haeret,</span> <span class='ocrx_word' id='word_1_421' title='bbox 793 3907 863 3962; x_wconf 80' lang='lat' dir='ltr'>Sane</span> <span class='ocrx_word' id='word_1_422' title='bbox 874 3909 898 3962; x_wconf 87' lang='lat' dir='ltr'>ai</span> <span class='ocrx_word' id='word_1_423' title='bbox 908 3909 1031 3963; x_wconf 83' lang='lat' dir='ltr'>Hierocae</span> <span class='ocrx_word' id='word_1_424' title='bbox 1042 3909 1212 3981; x_wconf 82' lang='lat' dir='ltr'>appellandae</span> <span class='ocrx_word' id='word_1_425' title='bbox 1223 3911 1267 3976; x_wconf 78' lang='lat' dir='ltr'>eit,</span> 
     </span>
     <span class='ocr_line' id='line_1_40' title="bbox 105 3991 1267 4064; baseline -0.001 -14"><span class='ocrx_word' id='word_1_426' title='bbox 105 3996 206 4052; x_wconf 79' lang='lat' dir='ltr'>Graece</span> <span class='ocrx_word' id='word_1_427' title='bbox 217 3995 329 4050; x_wconf 86' lang='lat' dir='ltr'>iortaree</span> <span class='ocrx_word' id='word_1_428' title='bbox 339 3995 503 4050; x_wconf 87' lang='lat' dir='ltr'>acribendum</span> <span class='ocrx_word' id='word_1_429' title='bbox 514 3995 564 4048; x_wconf 90' lang='lat' dir='ltr'>erit</span> <span class='ocrx_word' id='word_1_430' title='bbox 575 3992 689 4064; x_wconf 76' lang='grc' dir='ltr'>Ἱεραιῖις.</span> <span class='ocrx_word' id='word_1_431' title='bbox 712 3994 763 4047; x_wconf 88' lang='lat' dir='ltr'>Sed</span> <span class='ocrx_word' id='word_1_432' title='bbox 775 3991 840 4047; x_wconf 84' lang='lat' dir='ltr'>nihii</span> <span class='ocrx_word' id='word_1_433' title='bbox 851 3995 878 4048; x_wconf 93' lang='lat' dir='ltr'>in</span> <span class='ocrx_word' id='word_1_434' title='bbox 890 3993 1003 4048; x_wconf 86' lang='lat' dir='ltr'>editione</span> <span class='ocrx_word' id='word_1_435' title='bbox 1014 4001 1103 4049; x_wconf 74' lang='lat' dir='ltr'>nostra</span> <span class='ocrx_word' id='word_1_436' title='bbox 1113 3993 1267 4050; x_wconf 72' lang='lat' dir='ltr'>maantam</span> 
     </span>
     <span class='ocr_line' id='line_1_41' title="bbox 103 4076 1266 4151; baseline -0.005 -15"><span class='ocrx_word' id='word_1_437' title='bbox 103 4082 264 4136; x_wconf 67' lang='lat' dir='ltr'>wernimar.</span> <span class='ocrx_word' id='word_1_438' title='bbox 299 4079 389 4150; x_wconf 85' lang='lat' dir='ltr'>Neque</span> <span class='ocrx_word' id='word_1_439' title='bbox 400 4097 461 4134; x_wconf 80' lang='lat' dir='ltr'>vero</span> <span class='ocrx_word' id='word_1_440' title='bbox 473 4082 538 4134; x_wconf 88' lang='lat' dir='ltr'>aatie</span> <span class='ocrx_word' id='word_1_441' title='bbox 550 4085 619 4134; x_wconf 86' lang='lat' dir='ltr'>recta</span> <span class='ocrx_word' id='word_1_442' title='bbox 631 4079 663 4134; x_wconf 84' lang='lat' dir='ltr'>ad</span> <span class='ocrx_word' id='word_1_443' title='bbox 675 4095 735 4132; x_wconf 84' lang='lat' dir='ltr'>enm</span> <span class='ocrx_word' id='word_1_444' title='bbox 747 4077 854 4132; x_wconf 84' lang='lat' dir='ltr'>rnodnan</span> <span class='ocrx_word' id='word_1_445' title='bbox 865 4077 964 4134; x_wconf 83' lang='lat' dir='ltr'>inflecti</span> <span class='ocrx_word' id='word_1_446' title='bbox 975 4087 1064 4151; x_wconf 86' lang='lat' dir='ltr'>putem</span> <span class='ocrx_word' id='word_1_447' title='bbox 1075 4097 1153 4151; x_wconf 81' lang='lat' dir='ltr'>ponae</span> <span class='ocrx_word' id='word_1_448' title='bbox 1165 4076 1179 4131; x_wconf 84' lang='lat' dir='ltr'>t</span> <span class='ocrx_word' id='word_1_449' title='bbox 1191 4077 1266 4151; x_wconf 83' lang='lat' dir='ltr'>‘ltpa-</span> 
     </span>
     <span class='ocr_line' id='line_1_42' title="bbox 103 4161 1088 4236; baseline 0.002 -18"><span class='ocrx_word' id='word_1_450' title='bbox 103 4185 149 4229; x_wconf 67' lang='lat' dir='ltr'>aa&lt;</span> <span class='ocrx_word' id='word_1_451' title='bbox 161 4171 207 4219; x_wconf 82' lang='grc' dir='ltr'>τοῦ</span> <span class='ocrx_word' id='word_1_452' title='bbox 219 4163 322 4236; x_wconf 72' lang='lat' dir='ltr'>&#39;lipara</span> <span class='ocrx_word' id='word_1_453' title='bbox 345 4165 397 4220; x_wconf 80' lang='lat' dir='ltr'>Sed</span> <span class='ocrx_word' id='word_1_454' title='bbox 408 4167 449 4220; x_wconf 82' lang='lat' dir='ltr'>rei</span> <span class='ocrx_word' id='word_1_455' title='bbox 461 4161 568 4234; x_wconf 71' lang='lat' dir='ltr'>‘iapiorac</span> <span class='ocrx_word' id='word_1_456' title='bbox 579 4169 624 4216; x_wconf 78' lang='lat' dir='ltr'>roi</span> <span class='ocrx_word' id='word_1_457' title='bbox 636 4161 745 4234; x_wconf 73' lang='grc' dir='ltr'>Ἱεράκα,</span> <span class='ocrx_word' id='word_1_458' title='bbox 757 4165 799 4217; x_wconf 83' lang='lat' dir='ltr'>vel</span> <span class='ocrx_word' id='word_1_459' title='bbox 809 4162 916 4234; x_wconf 67' lang='lat' dir='ltr'>‘irpaar‘a</span> <span class='ocrx_word' id='word_1_460' title='bbox 928 4167 972 4216; x_wconf 78' lang='lat' dir='ltr'>roi</span> <span class='ocrx_word' id='word_1_461' title='bbox 984 4163 1088 4236; x_wconf 78' lang='lat' dir='ltr'>‘irpaaia</span> 
     </span>
    </p>
   </div>
   <div class='ocr_carea' id='block_1_8' title="bbox 104 4317 1367 4666">
    <p class='ocr_par' dir='ltr' id='par_1_8' title="bbox 104 4317 1367 4666">
     <span class='ocr_line' id='line_1_43' title="bbox 350 4317 1021 4384; baseline -0.001 -10"><span class='ocrx_word' id='word_1_462' title='bbox 350 4319 395 4374; x_wconf 83' lang='grc' dir='ltr'>ΔΙ)</span> <span class='ocrx_word' id='word_1_463' title='bbox 412 4317 586 4376; x_wconf 79' lang='lat' dir='ltr'>HAHHHSIH</span> <span class='ocrx_word' id='word_1_464' title='bbox 602 4317 727 4384; x_wconf 70' lang='lat' dir='ltr'>axvffl„</span> <span class='ocrx_word' id='word_1_465' title='bbox 743 4317 1021 4374; x_wconf 81' lang='lat' dir='ltr'>HHLHTIANORUH.</span> 
     </span>
     <span class='ocr_line' id='line_1_44' title="bbox 173 4419 1266 4494; baseline 0.001 -17"><span class='ocrx_word' id='word_1_466' title='bbox 173 4424 213 4477; x_wconf 85' lang='lat' dir='ltr'>De</span> <span class='ocrx_word' id='word_1_467' title='bbox 224 4423 369 4478; x_wconf 86' lang='lat' dir='ltr'>lieletiania</span> <span class='ocrx_word' id='word_1_468' title='bbox 384 4423 448 4478; x_wconf 87' lang='lat' dir='ltr'>aetia</span> <span class='ocrx_word' id='word_1_469' title='bbox 464 4437 495 4475; x_wconf 85' lang='lat' dir='ltr'>ao</span> <span class='ocrx_word' id='word_1_470' title='bbox 505 4427 561 4476; x_wconf 87' lang='lat' dir='ltr'>tata</span> <span class='ocrx_word' id='word_1_471' title='bbox 571 4419 718 4475; x_wconf 84' lang='lat' dir='ltr'>rohiemarls</span> <span class='ocrx_word' id='word_1_472' title='bbox 729 4420 849 4484; x_wconf 79' lang='lat' dir='ltr'>historia,</span> <span class='ocrx_word' id='word_1_473' title='bbox 865 4437 945 4492; x_wconf 87' lang='lat' dir='ltr'>quam</span> <span class='ocrx_word' id='word_1_474' title='bbox 961 4421 1002 4476; x_wconf 86' lang='lat' dir='ltr'>hic</span> <span class='ocrx_word' id='word_1_475' title='bbox 1018 4421 1139 4493; x_wconf 83' lang='lat' dir='ltr'>proponit</span> <span class='ocrx_word' id='word_1_476' title='bbox 1153 4421 1266 4494; x_wconf 81' lang='lat' dir='ltr'>Epipha-</span> 
     </span>
     <span class='ocr_line' id='line_1_45' title="bbox 104 4506 1266 4580; baseline -0.001 -16"><span class='ocrx_word' id='word_1_477' title='bbox 104 4512 179 4574; x_wconf 86' lang='lat' dir='ltr'>niua,</span> <span class='ocrx_word' id='word_1_478' title='bbox 191 4509 254 4580; x_wconf 85' lang='lat' dir='ltr'>quid</span> <span class='ocrx_word' id='word_1_479' title='bbox 265 4509 429 4564; x_wconf 72' lang='lat' dir='ltr'>renuendam</span> <span class='ocrx_word' id='word_1_480' title='bbox 440 4509 488 4574; x_wconf 89' lang='lat' dir='ltr'>ait,</span> <span class='ocrx_word' id='word_1_481' title='bbox 499 4508 527 4562; x_wconf 90' lang='lat' dir='ltr'>in</span> <span class='ocrx_word' id='word_1_482' title='bbox 537 4506 693 4562; x_wconf 86' lang='lat' dir='ltr'>Baroniania</span> <span class='ocrx_word' id='word_1_483' title='bbox 704 4507 849 4563; x_wconf 75' lang='lat' dir='ltr'>Annalibus</span> <span class='ocrx_word' id='word_1_484' title='bbox 861 4507 1005 4578; x_wconf 85' lang='lat' dir='ltr'>explicatur</span> <span class='ocrx_word' id='word_1_485' title='bbox 1016 4523 1084 4562; x_wconf 88' lang='lat' dir='ltr'>anno</span> <span class='ocrx_word' id='word_1_486' title='bbox 1097 4523 1194 4575; x_wconf 70' lang='lat' dir='ltr'>(accitu.¹</span> <span class='ocrx_word' id='word_1_487' title='bbox 1210 4511 1266 4579; x_wconf 87' lang='lat' dir='ltr'>qui-</span> 
     </span>
     <span class='ocr_line' id='line_1_46' title="bbox 106 4592 1367 4666; baseline 0.004 -18"><span class='ocrx_word' id='word_1_488' title='bbox 106 4596 156 4650; x_wconf 85' lang='lat' dir='ltr'>bna</span> <span class='ocrx_word' id='word_1_489' title='bbox 166 4609 219 4666; x_wconf 68' lang='lat' dir='ltr'>ego</span> <span class='ocrx_word' id='word_1_490' title='bbox 230 4595 401 4653; x_wconf 86' lang='lat' dir='ltr'>libentierinre</span> <span class='ocrx_word' id='word_1_491' title='bbox 411 4595 553 4656; x_wconf 76' lang='lat' dir='ltr'>mbecribo.</span> <span class='ocrx_word' id='word_1_492' title='bbox 577 4592 757 4650; x_wconf 60' lang='lat' dir='ltr'>warinum</span> <span class='ocrx_word' id='word_1_493' title='bbox 768 4593 837 4648; x_wconf 87' lang='lat' dir='ltr'>enim</span> <span class='ocrx_word' id='word_1_494' title='bbox 849 4597 900 4660; x_wconf 87' lang='lat' dir='ltr'>ert,</span> <span class='ocrx_word' id='word_1_495' title='bbox 915 4608 934 4647; x_wconf 82' lang='lat' dir='ltr'>a</span> <span class='ocrx_word' id='word_1_496' title='bbox 947 4593 1087 4652; x_wconf 75' lang='lat' dir='ltr'>liciatiarm</span> <span class='ocrx_word' id='word_1_497' title='bbox 1105 4594 1193 4665; x_wconf 83' lang='lat' dir='ltr'>aliquo</span> <span class='ocrx_word' id='word_1_498' title='bbox 1204 4595 1266 4648; x_wconf 87' lang='lat' dir='ltr'>rori·</span> <span class='ocrx_word' id='word_1_499' title='bbox 1292 4623 1314 4663; x_wconf 71' lang='lat' dir='ltr'>p.</span> <span class='ocrx_word' id='word_1_500' title='bbox 1323 4610 1367 4654; x_wconf 80' lang='lat' dir='ltr'>rra</span> 
     </span>
    </p>
   </div>
   <div class='ocr_carea' id='block_1_9' title="bbox 0 0 1571 5046">
    <p class='ocr_par' dir='ltr' id='par_1_9' title="bbox 0 0 1571 5046">
     <span class='ocr_line' id='line_1_47' title="bbox 0 0 1571 5046; baseline 0 0"><span class='ocrx_word' id='word_1_501' title='bbox 0 0 1571 5046; x_wconf 95' lang='lat' dir='ltr'> </span> 
     </span>
    </p>
   </div>
  </div>
 </body>
</html>
