3104 5038
344 263 484 332 coexxn

340 457 364 500 et
383 452 539 501 incruentum
561 453 716 518 sucrificium
737 449 864 520 appellat;
892 455 921 503 ut
943 453 970 504 et
991 452 1069 522 paulo
1091 456 1150 520 pest
1173 451 1301 520 disjunete
1325 449 1461 522 insulensi

340 529 490 603 οἰκονομίας,
512 540 538 586 et
558 533 585 586 in
603 533 720 586 Aeriauis
742 533 811 588 haer.
831 553 930 589 uuxvrr.
949 533 991 601 τὴν
1015 533 1153 606 οἰκονομίαν
1177 539 1218 602 τῆς
1241 535 1367 606 λατρείας,
1386 535 1421 588 boe
1436 541 1462 587 eat

339 622 448 673 mnsam.
482 618 549 672 Nam
566 618 666 688 λατρεία
683 618 785 672 diriuns
804 622 889 674 cultus
906 627 983 690 atque
1002 621 1115 674 osticium
1130 629 1180 684 est,
1198 621 1267 690 quod
1285 621 1463 690 saeuitiebprue

338 709 435 768 statur,
456 701 583 773 οἰκονομία
603 706 790 759 incarnationis
813 707 994 776 passionisque
1016 706 1160 763 dominicae
1183 709 1336 775 mysterium
1359 705 1463 776 signifieat,

337 790 379 842 eui
400 790 616 859 repraesentando
639 792 788 844 institutum
810 792 873 844 illud
896 799 936 844 est
957 809 974 844 a
995 791 1042 844 deo
1061 792 1225 844 sacrifieium.
1260 791 1316 844 litei
1333 793 1361 845 in
1381 789 1464 844 bedenis

336 873 367 926 N.
376 893 416 929 nr.
433 875 585 946 simpliciter
602 871 755 946 obtestemur,
773 876 821 930 hoe
833 884 873 930 est
885 878 1045 946 mysterium,
1064 883 1145 930 vocat
1181 877 1259 929 Porro
1271 877 1336 930 ieris
1348 874 1464 947 quietudo

336 961 446 1014 miuieae
457 961 587 1030 passionis
603 962 630 1014 in
643 961 797 1031 quibusdam
815 963 930 1016 ecelesiis
942 961 1118 1032 οίιτονηστιςμὶις
1135 962 1198 1025 tuit,
1216 979 1246 1014 ae
1254 963 1348 1032 jejunii
1359 960 1465 1022 relaaatio,

335 1051 364 1098 ut
381 1046 447 1116 Aug.
465 1046 560 1100 indicat
578 1047 624 1116 Ep.
637 1062 729 1100 osvin.
748 1047 854 1118 Capru.
889 1048 961 1111 Quod
980 1047 1125 1100 Laodicena
1138 1045 1260 1116 Synodus
1278 1049 1396 1118 usurpari
1409 1045 1466 1098 uetuit

335 1129 398 1186 Cau.
410 1149 485 1185 xutx:
503 1129 562 1184 Ὅτι
580 1130 609 1182 σύ
622 1132 658 1183 δεῖ
670 1130 693 1182 ἐν
711 1138 893 1203 τεσσαρακοστῇ
912 1131 1039 1203 τῆὺστέρᾳ
1051 1129 1168 1201 ἑβόυμόδι
1180 1131 1222 1198 τὴν
1235 1132 1345 1203 πέμπτην
1363 1132 1426 1198 λύειν,
1439 1127 1466 1179 rui

335 1213 395 1282 όλην
412 1215 455 1283 τὴν
480 1216 675 1286 τεσσαρακοστὴν
693 1215 826 1286 ἀτιμάζειν,
852 1215 917 1270 ἀλλὰ
934 1219 970 1270 δεῖ
988 1220 1067 1270 πᾶσαν
1085 1217 1127 1284 τὴν
1153 1217 1348 1288 τεσσαρακοστὴν
1375 1217 1466 1283 νηστεύειν

334 1301 541 1372 ξηροφαγοῦντας.
575 1301 685 1371 Exque
703 1304 805 1356 notabis
824 1304 906 1356 obiter
924 1305 1054 1374 passionis
1071 1302 1260 1356 hebdomadem
1279 1303 1466 1373 quadragesimas

333 1393 433 1457 partem
444 1404 510 1454 esse,
527 1405 580 1440 non
596 1388 628 1440 ab
646 1387 691 1442 illa
702 1387 856 1442 distinctam.
881 1389 1004 1442 Trullena
1016 1406 1118 1460 quoque
1131 1389 1253 1458 Synodus
1266 1389 1329 1442 Can.
1338 1406 1408 1442 xxia.
1418 1383 1466 1456 quod

333 1473 360 1526 in
378 1471 585 1542 Carthaginiensi
605 1471 719 1526 Concilio
743 1473 774 1526 de
796 1474 860 1526 teria
882 1475 926 1528 ills
950 1475 1041 1544 quinta
1063 1475 1216 1528 nominatim
1239 1482 1378 1546 exceptum
1400 1473 1467 1532 suern
1522 1507 1523 1528 ι

337 1557 370 1612 llt
385 1567 550 1611 sacramento
568 1560 662 1610 altaris
679 1563 779 1612 nonrn'si
796 1580 813 1611 a
824 1562 921 1628 jejunis
938 1561 1077 1612 dominibus
1091 1561 1255 1623 celebrentur,
1273 1571 1374 1629 excepto
1386 1578 1427 1610 uno
1440 1558 1468 1607 dle

333 1648 519 1708 anniversario,
536 1663 582 1714 quo
601 1663 679 1696 coeno
697 1647 792 1696 donnini
809 1647 951 1696 celebratur
969 1647 1023 1714 (qni
1036 1653 1076 1698 set
1087 1644 1173 1698 Carth.
1185 1663 1225 1700 ιιι.
1238 1645 1301 1699 Cen.
1316 1648 1398 1711 xxix.)
1415 1643 1468 1696 abro-

332 1729 418 1799 gavit,
435 1729 568 1798 vetuitque
586 1731 630 1784 illo
648 1729 688 1782 die
706 1731 772 1783 solui
785 1730 924 1800 jejunium.
960 1734 993 1782 At
1011 1731 1173 1800 Augustinus
1196 1732 1222 1782 in
1240 1729 1356 1800 Epistola
1373 1729 1468 1800 proxime

332 1816 411 1868 citata
427 1815 560 1868 nonnullis
578 1815 605 1868 in
623 1815 739 1868 ecelesiis
756 1833 855 1868 morem
873 1816 955 1868 luisse
973 1815 1099 1880 declarat,
1118 1827 1144 1866 ut
1161 1817 1200 1866 tls
1211 1821 1299 1883 quinne
1314 1817 1416 1867 sabboti
1428 1813 1468 1865 leb·

331 1903 457 1954 donatae
474 1902 577 1952 nlta'rnee
603 1903 827 1968 puadrapeaa'nsae,
855 1910 880 1952 et
895 1919 980 1964 mene,
1008 1911 1030 1952 et
1048 1903 1085 1952 od
1101 1920 1230 1970 vesperum
1249 1903 1396 1970 offerretur,
1419 1896 1468 1969 quod

330 1984 529 2056 improbandum
547 2001 604 2037 esse
621 1991 709 2054 negat.
743 1985 816 2048 Quod
834 1987 918 2056 ipsum
937 1987 998 2039 olim
1011 1986 1037 2038 in
1055 1993 1140 2038 vetere
1159 1986 1267 2038 ecelesia
1285 1987 1376 2039 esteris
1399 1986 1468 2038 diebus

333 2073 457 2124 usitatum
475 2070 569 2134 luisse,
586 2069 684 2123 indicat
702 2071 848 2140 Cyprianus
862 2071 942 2140 Epist.
956 2089 1029 2126 nam.
1047 2071 1107 2124 edit.
1121 2072 1192 2124 Pam.
1228 2069 1277 2123 Ubi
1295 2072 1429 2124 nonnullos
1441 2084 1468 2120 re

331 2154 467 2225 prehendit
488 2156 532 2224 qni
554 2156 581 2208 iu
604 2156 737 2208 matutinis
754 2157 887 2208 sacrificiis
905 2173 1000 2226 equum
1018 2157 1102 2210 solam
1118 2155 1288 2219 adhibebant,
1306 2175 1399 2226 nepes
1413 2171 1469 2224 sepo

331 2259 384 2292 rem
401 2245 455 2293 υίνιτΙ
471 2243 613 2292 redolerent
628 2247 775 2307 sanquinem
794 2242 897 2296 Chresti.
931 2241 1002 2306 Quos
1020 2243 1057 2294 ita
1074 2242 1198 2312 castigat:
1217 2242 1259 2292 An
1276 2243 1324 2293 ille
1335 2242 1386 2293 sibi
1396 2241 1469 2308 altpt

331 2328 538 2396 contemplatione
555 2326 694 2390 blanditur,
712 2329 777 2394 qnod
793 2331 840 2380 etss'
855 2346 929 2380 mone
947 2346 1015 2396 aqna
1032 2322 1087 2379 sola
1104 2329 1193 2396 offerri
1209 2329 1316 2392 uidetur,
1334 2337 1414 2378 tumen
1430 2341 1469 2376 ens

331 2413 369 2464 ed
384 2413 539 2465 coenandum
557 2415 674 2475 verrimus,
692 2417 793 2466 mistum
812 2414 919 2466 calicem
937 2416 1071 2482 offerimus,
1089 2415 1135 2465 aed
1151 2431 1206 2464 eum
1219 2430 1359 2476 coenamus,
1379 2415 1413 2464 ud
1428 2427 1470 2462 con·
1522 2467 1523 2482 γ

330 2502 423 2551 sinum
442 2506 550 2550 nostrum
566 2499 662 2566 plebem
680 2515 819 2550 conuocare
836 2517 884 2550 non
898 2516 1042 2567 possumus,
1068 2509 1095 2550 ut
1112 2501 1269 2550 sacrementi
1285 2499 1413 2549 ueritatem
1422 2499 1470 2564 sto·

330 2588 449 2638 terne'tote
471 2587 539 2635 οιιιιιι·
556 2592 692 2652 praesente
718 2584 876 2637 celebremus.
912 2583 957 2636 Bis
974 2583 1054 2652 igitur
1076 2582 1203 2636 sacrificia
1221 2580 1344 2636 celebrari
1360 2582 1470 2639 sotebant
1522 2595 1523 2604 ¹

329 2685 419 2733 mane,
437 2676 462 2721 et
480 2668 584 2738 quidem
601 2669 717 2738 publice,
734 2675 791 2722 tum
808 2669 930 2738 privatim
947 2669 997 2722 sub
1016 2685 1157 2739 uesperam.

396 2753 442 2806 tid
460 2753 538 2814 obruor
557 2750 678 2820 ἀπόλυτα]
714 2751 844 2815 Ἀπόλυσις
862 2759 1009 2820 συνεπίνετε,
1038 2755 1093 2806 eive
1116 2757 1213 2817 missio,
1239 2769 1300 2805 eum
1317 2753 1437 2805 diaeonus
1452 2763 1472 2800 tt

328 2855 403 2892 saera
419 2840 538 2893 oonteeta
554 2840 680 2910 populum
698 2839 811 2894 dimittit.
846 2839 931 2903 Quare
948 2838 1141 2893 subaudiendus
1160 2837 1200 2890 e'st
1217 2835 1230 2890 ὁ
1249 2836 1368 2900 διάκονος.

395 2922 438 2976 Ἐν
450 2929 479 2995 τῇ
492 2923 651 2996 ἀνασταοίμῳ
669 2925 766 2996 ἡμέρη]
786 2925 890 2994 Proprie
908 2923 1003 2994 μεγάλη
1020 2924 1099 2995 ἡμέρα
1110 2923 1207 2995 paseha
1218 2925 1373 2978 nominatur.
1405 2919 1435 2973 Ut
1453 2919 1472 2970 in

328 3013 465 3080 Aneyraue
484 3009 598 3065 Census
621 3007 688 3071 ἔδοξε
711 3010 784 3082 μέχρι
806 3013 848 3077 τῆς
872 3009 979 3081 μεγάλης
1002 3009 1093 3081 ἡμέρας
1116 3007 1146 3070 είς
1165 3005 1279 3080 ἀκρόασιν
1298 3009 1415 3080 δεχθῆναι
1448 3003 1473 3056 ut

328 3097 451 3166 quoniam
478 3096 505 3149 in
530 3095 689 3149 illustrandis
707 3097 801 3149 ueteris
819 3097 942 3150 ecelesiae
960 3097 1053 3150 ritibus
1070 3101 1180 3149 natatur
1201 3083 1223 3148 a
1243 3097 1319 3148 nobis
1337 3109 1424 3165 opera,
1446 3090 1472 3142 de

328 3197 380 3234 uno
406 3182 519 3234 alterove
536 3183 658 3234 lentorem
685 3181 882 3236 admonebimus
901 3183 945 3252 qui
967 3197 1013 3252 per
1029 3183 1150 3235 solennes
1167 3179 1299 3250 paschatis
1316 3181 1393 3234 terias
1410 3191 1472 3230 usur·

326 3268 383 3336 pari
400 3267 527 3320 solebant.
562 3265 612 3330 Qut
638 3267 687 3320 etsi
712 3266 745 3318 ad
762 3265 936 3336 Epiphanium
958 3276 1075 3320 nostrum
1093 3265 1157 3320 nihil
1175 3266 1315 3320 admodum
1333 3265 1472 3336 pertineant

326 3353 390 3404 elias
401 3357 488 3404 tamen
500 3351 598 3405 habent
609 3353 827 3422 opportunitates,
845 3354 878 3405 ob
891 3369 955 3422 quas
967 3353 1071 3406 illorum
1083 3370 1136 3405 nnn
1148 3351 1376 3422 praetermittenda
1386 3347 1472 3402 mentio

326 3436 434 3490 ridetur.
468 3437 584 3490 Primum
606 3439 687 3508 igitur
712 3439 834 3508 perillus
853 3437 906 3490 dies
925 3453 941 3489 a
958 3437 1111 3490 Christianis
1129 3438 1328 3506 imperatoribus
1347 3435 1422 3488 uincti
1438 3447 1472 3484 ce·

324 3521 438 3592 plitiqus
456 3539 470 3574 e
488 3539 590 3576 earcere
606 3523 782 3576 mittebantur.
817 3521 938 3575 Monaohi
950 3521 1075 3590 Eutychis
1087 3521 1209 3574 haeretiei
1222 3521 1248 3572 in
1267 3521 1355 3574 libello
1373 3515 1472 3588 supplici

324 3606 357 3660 ad
373 3606 605 3676 Pseudosynodum
623 3607 781 3678 Ephesinam
807 3607 834 3660 in
853 3608 924 3660 Aetia
943 3605 1096 3662 Chalcedon.
1118 3605 1225 3659 Consilii
1244 3605 1275 3660 de
1294 3605 1336 3658 dis
1353 3601 1471 3675 paschatis

324 3692 475 3761 loquentes,
501 3691 556 3744 καθ’
573 3694 610 3759 ἣν,
637 3693 767 3764 inquiunt,
793 3690 875 3744 λόιται
892 3691 934 3764 μὲν
962 3697 1012 3754 τοῖς
1035 3691 1154 3752 πλείστοις
1172 3693 1221 3743 τῶν
1238 3689 1414 3762 ἡμαρτηκότων
1430 3683 1471 3736 dn'e

324 3779 373 3829 τῶν
392 3776 468 3848 ἁγίων
486 3779 597 3848 πατέρων
614 3776 685 3849 ἡμῶν
703 3775 734 3830 τύι
751 3775 869 3848 ἐπιτίμια,
888 3777 971 3830 λύεται
988 3777 1015 3831 δὲ
1032 3779 1099 3848 παρὰ
1115 3779 1164 3829 τῶν
1183 3775 1361 3845 βασιλευόντων
1378 3773 1414 3827 tut
1430 3773 1472 3823 τῶν

324 3861 485 3934 ἐγκλημάτων
507 3862 538 3916 τὰ
559 3862 637 3934 δεσμὰ
653 3849 704 3925 τοῖς
722 3863 867 3924 ὑπευθύνοις.
903 3863 982 3916 Extat
999 3863 1088 3917 eadem
1106 3863 1137 3916 ds
1154 3879 1182 3916 re
1199 3863 1282 3933 impp.
1300 3857 1471 3919 Valentiniani,

325 3949 440 4004 Valentis
457 3957 483 4003 et
501 3949 619 4003 Gratiani
637 3950 789 4020 rescriptum
809 3967 864 4002 nm.
882 3947 913 4000 de
930 3948 1030 4018 indulg.
1047 3948 1109 4002 Cod.
1121 3947 1261 4002 Theodos.=
1300 3948 1336 4002 Ob
1354 3951 1416 4000 dieat
1428 3963 1470 4013 pu·

323 4035 401 4089 sebae
418 4053 487 4106 ρυαιιι
504 4039 593 4089 intimo
611 4037 687 4088 eorde
705 4035 872 4097 celebramus,
903 4035 1025 4098 omnibus,
1051 4053 1111 4102 μασι
1128 4043 1215 4086 reatus
1244 4037 1372 4102 ostrinpr't
1388 4045 1471 4084 career

322 4123 433 4187 inclusit,
451 4123 566 4174 claustra
584 4121 748 4174 dissolvimus.
782 4120 864 4174 liuius
881 4120 957 4174 nobis
973 4119 1215 4174 commemorandae
1227 4118 1418 4173 consuetudinis
1434 4128 1470 4167 et·

323 4207 454 4260 amionem
481 4206 551 4260 dedit
567 4205 746 4260 Themistiaun
771 4204 900 4276 quaedam
928 4207 1022 4270 oratio,
1049 4205 1124 4276 eujus
1151 4212 1336 4275 argumentum
1357 4205 1468 4258 haetenus

322 4289 483 4360 ignoratum,
501 4308 548 4346 neo
566 4307 582 4345 a
600 4291 675 4346 nobis
693 4291 771 4344 etiam
788 4291 815 4344 in
833 4291 976 4344 nouissima
991 4296 1081 4346 nostra
1099 4290 1210 4344 editione
1228 4291 1293 4344 satis
1311 4289 1467 4346 intellectum

322 4375 463 4445 plurimum
480 4375 540 4431 huie
557 4378 733 4432 observationi
750 4377 860 4432 debebit.
893 4377 931 4430 Ea
942 4384 982 4430 est
992 4377 1060 4430 iuter
1071 4375 1261 4430 'themistianae
1275 4377 1363 4434 ordios
1379 4373 1466 4445 quista

322 4461 349 4512 iu
367 4477 419 4530 qna
429 4461 568 4516 Theodosii
586 4462 695 4516 senioris
713 4463 876 4516 elementiam
894 4461 1133 4533 humanitatemque
1150 4461 1289 4534 praedicat.
1323 4461 1401 4528 Quam
1417 4455 1465 4526 qui·

322 4544 381 4598 dem
398 4548 541 4600 orationem
560 4549 638 4617 uulgo
656 4565 809 4618 persuasum
827 4556 882 4602 erat
907 4550 1028 4604 omnibus
1054 4549 1087 4602 ad
1105 4547 1308 4602 dntioehsneem
1333 4550 1398 4604 illam
1415 4557 1464 4612 pte
