3138 5044
1183 351 1267 408 exin

106 506 194 556 suarii
201 521 258 560 rur.
270 505 298 556 iu
310 505 380 572 cyclo
392 505 535 569 emendato,
553 504 677 558 Ianuarii
685 521 720 560 vr.
733 508 760 556 ic
773 505 843 573 cyclo
856 508 953 559 villoso.
978 503 1031 558 Sed
1046 505 1150 575 eclipsis
1166 506 1216 560 ista
1227 505 1266 558 la·

105 589 190 642 uuarii
201 607 227 644 x.
240 590 363 644 conuenit
378 590 406 642 in
417 590 490 659 cyclo
508 589 653 645 emendato.
677 590 774 644 Verum
790 594 846 644 tota
862 589 926 644 haec
942 589 1068 660 Scaligori
1085 591 1201 644 collectio
1218 592 1266 646 im·

104 674 202 743 plicata
212 691 242 730 ac
253 675 395 729 idsissima
406 680 454 728 est.
481 675 584 729 Etenim
601 675 720 746 quamuis
737 675 827 730 demus
844 675 921 742 illud,
938 676 1008 746 quod
1024 692 1191 746 nequaquam
1206 693 1266 730 cou-

103 760 234 825 cedimus,
251 776 349 814 anunm
365 760 474 816 Herodis
491 761 604 834 primurn
621 761 655 816 ab
671 759 723 814 liar
739 755 801 814 anni
818 761 911 816 Iuliani
925 777 971 816 rra
990 761 1179 816 numerandum
1199 778 1265 828 esse,

103 845 268 918 eundemque
279 861 368 917 regem
380 864 474 900 xxxrrr
486 846 583 900 solidos
600 863 683 900 annos
699 848 832 918 explesse,
849 848 918 918 quod
934 864 1019 918 neque
1030 847 1154 918 Iosephus
1165 849 1266 914 asserit,

103 937 130 984 et
140 932 224 1002 gratis
235 948 252 984 a
263 931 396 1002 Scaligero
407 933 520 1003 ponitur,
532 933 578 986 sed
589 938 619 986 ut
630 933 667 985 ita
678 949 736 986 esse
748 933 894 998 credamus,
910 950 1047 1004 uunquam
1058 941 1147 988 temen
1157 933 1265 986 Herodis
1293 953 1314 992 p.
1324 941 1366 986 rec.

102 1018 250 1071 tricesimus
266 1019 393 1089 septimus
409 1018 529 1076 desinens
546 1017 671 1074 clinicus
687 1019 833 1074 tricesimus
851 1024 958 1074 octavus
974 1021 1002 1072 in
1013 1019 1143 1072 Iulianum
1154 1037 1214 1074 xuv.
1227 1020 1266 1072 in-

102 1101 184 1168 cidet,
195 1103 242 1157 sed
252 1103 280 1156 in
292 1121 375 1169 xurv„
392 1104 416 1158 si
426 1105 550 1160 nimbum
562 1104 595 1158 ad
606 1123 634 1158 vr
645 1104 769 1158 adieceris
782 1123 892 1160 xxxvrrr.
923 1103 992 1158 Nam
1002 1105 1148 1158 tricesimus
1160 1111 1266 1158 octavus

102 1185 208 1242 iuliano
216 1189 400 1259 iucipietxurv.
418 1189 502 1254 Quare
514 1196 555 1244 est
565 1188 629 1244 haec
640 1190 751 1260 insignis
763 1187 900 1260 ἀλογιστία.
919 1189 972 1244 llec
983 1190 1028 1243 illa
1039 1195 1107 1244 certe
1119 1191 1203 1244 minor
1215 1207 1267 1261 qua

101 1271 260 1330 Archelaum
268 1274 376 1328 Herodis
385 1274 413 1328 U.
423 1291 492 1330 auno
501 1275 602 1330 iuliano
612 1293 668 1332 um.
678 1275 799 1328 exulasse
809 1276 905 1340 scribit,
916 1291 976 1330 cum
985 1294 1013 1332 rx
1026 1277 1122 1332 solidos
1131 1281 1267 1346 regnasset

101 1375 196 1414 annos.
207 1357 348 1414 Archeluus
358 1361 429 1416 euim
436 1377 518 1432 regno
528 1367 622 1416 exutus
632 1366 673 1416 est
680 1361 778 1432 Lepido
788 1367 814 1416 et
822 1362 943 1416 Arruntio
954 1378 1030 1428 coss,
1039 1367 1069 1416 ut
1077 1368 1152 1416 autor
1160 1368 1200 1416 est
1208 1363 1266 1432 Dio,

101 1461 174 1498 anno
184 1444 285 1500 Iuliano
298 1463 332 1502 ur.
356 1445 447 1517 Coepit
457 1447 537 1517 igitur
549 1447 649 1500 Iuliano
661 1465 725 1502 xuu.
750 1446 824 1511 Quod
835 1448 859 1500 ai
870 1464 939 1502 anno
951 1448 1051 1502 luliauo
1064 1465 1136 1514 xiv„
1154 1464 1205 1518 quo
1216 1448 1266 1500 He·

100 1530 192 1582 rodem
203 1529 321 1600 Scaliger
333 1533 477 1586 excessisse
489 1537 573 1604 putat,
590 1549 703 1603 regnum
719 1533 868 1602 auspicatus
880 1537 949 1586 esset
959 1531 1112 1598 Archelaus,
1129 1539 1154 1586 et
1165 1551 1193 1586 rx
1205 1533 1266 1586 soli·

100 1614 149 1668 dos
161 1616 296 1686 explesset
307 1633 402 1683 anuos,
414 1635 468 1671 uon
479 1617 612 1672 islulisuo
625 1637 690 1684 unu,
702 1618 749 1672 sed
761 1636 813 1672 arr.
826 1619 956 1688 relegatus
967 1618 1069 1673 luisset.
1088 1619 1137 1671 Par
1149 1624 1189 1671 est
1201 1619 1267 1671 osci·

100 1701 193 1766 tanb'a,
204 1717 265 1755 curu
274 1701 345 1756 addit
355 1719 453 1757 annum
464 1703 546 1769 illum,
559 1720 610 1774 quo
622 1704 714 1774 pulsus
726 1709 767 1757 cst
775 1702 922 1769 Archelaus,
935 1720 992 1757 esse
1003 1704 1036 1756 ab
1045 1704 1152 1756 Actiaca
1159 1703 1268 1756 victoria

101 1803 206 1842 xxxrrr.
240 1787 308 1842 llam
324 1787 449 1859 Iosephus
466 1789 510 1842 lib.
523 1807 597 1844 xum.
614 1805 671 1861 cap.
684 1807 724 1845 ιιι.
736 1788 872 1853 Quirinum
883 1787 1001 1842 Archelai
1015 1789 1143 1842 houorunr
1160 1805 1266 1842 censum

100 1871 248 1926 instituisse
265 1879 366 1939 uerrut,
384 1889 452 1928 anno
463 1891 565 1928 xurrr.
576 1881 637 1946 post
647 1875 756 1928 Antonii
771 1874 870 1928 cladem
887 1874 920 1926 ad
931 1875 1042 1928 Actium.
1074 1874 1114 1928 Ex
1130 1889 1161 1926 eo
1178 1875 1266 1944 itaque

99 1973 266 2028 consequeus
283 1963 323 2012 est
337 1976 392 2014 nou
406 1977 464 2018 arur.
482 1959 596 2025 iuliano,
613 1960 659 2014 sed
675 1977 724 2026 un,
740 1958 894 2014 Archelaum
910 1960 989 2014 exilio
1005 1959 1164 2014 damnatum.
1199 1957 1267 2012 Nam

102 2043 213 2098 Actiaca
225 2059 315 2114 pugna
326 2045 359 2098 ad
369 2045 501 2100 Iulianum
513 2061 556 2099 xv.
567 2046 691 2116 pertinet;
703 2045 761 2100 ideo
773 2045 872 2100 Iuliano
884 2063 920 2100 ur.
932 2045 1018 2115 coepit
1027 2063 1127 2102 xxxru.

169 2129 257 2199 Atque
273 2129 337 2184 hacc
351 2145 475 2201 perversa
489 2130 598 2186 ilerodis
616 2147 744 2186 annorum
762 2129 898 2184 subductio
916 2131 999 2184 multo
1017 2131 1044 2184 in
1062 2131 1173 2184 llusebio
1191 2131 1265 2184 casti·

99 2213 191 2284 garrula
206 2215 293 2286 magis
309 2219 363 2282 eet,
379 2233 395 2270 a
411 2233 463 2288 quo
478 2216 596 2288 proiecta
612 2217 729 2270 manarit
743 2217 771 2270 iu
787 2221 911 2270 caeteros.
945 2216 993 2270 llic
1009 2217 1078 2270 enim
1094 2217 1121 2270 in
1133 2215 1266 2270 Uhronieis

99 2300 219 2370 primurn
230 2315 329 2354 anunm
339 2301 454 2372 Augusti
464 2303 539 2373 pouit
550 2319 610 2358 eum
623 2303 667 2372 qui
677 2308 738 2372 post
748 2301 807 2354 Iulii
819 2301 936 2356 Caesaris
947 2317 1038 2355 necem
1049 2303 1169 2372 proxime
1181 2303 1266 2372 sequi-

99 2391 152 2450 tur,
170 2386 269 2455 quique
285 2384 360 2442 Urbis
377 2393 418 2441 est
433 2387 506 2452 711„
522 2387 638 2442 lulianus
654 2387 692 2453 3.,
709 2386 870 2457 Olympiadis
887 2403 1011 2442 cuxxxn.
1028 2387 1164 2440 secundus.
1199 2389 1266 2442 Tum

98 2471 266 2541 Antigonum
274 2477 435 2542 postremum
443 2489 477 2526 ex
486 2474 656 2528 Asamuuaeis
664 2489 754 2543 regem
761 2479 895 2526 mortuum
903 2489 961 2526 esse
970 2472 1032 2526 dicit
1040 2489 1108 2526 anno
1115 2493 1139 2528 v.
1147 2474 1266 2543 Augusti,

100 2555 208 2626 Olymp.
221 2572 335 2611 ccxxxv.
347 2557 473 2623 secundm
485 2559 553 2612 utin
565 2559 722 2629 quibusdam
733 2559 927 2630 exemplaribus
936 2559 1042 2629 reperiri
1053 2563 1162 2610 testatur
1173 2558 1266 2610 Ponta-

100 2657 162 2706 caa,
178 2641 257 2713 idque
268 2642 355 2714 ipsum
366 2645 394 2698 in
406 2643 518 2698 editione
530 2659 579 2698 aua
590 2644 707 2716 Scaliger
718 2645 855 2715 amplexus
868 2649 915 2720 est.
939 2643 986 2696 Est
996 2642 1039 2696 hic
1050 2641 1126 2696 Urbis
1138 2642 1207 2705 715,
1224 2641 1266 2694 lu-

99 2727 189 2782 lianus
199 2727 223 2780 7.
245 2728 281 2782 At
290 2729 318 2782 in
330 2729 387 2783 allis
399 2729 531 2784 codicibus
543 2729 674 2784 confertur
684 2730 711 2783 id
722 2731 748 2783 in
760 2745 859 2784 anuum
870 2728 984 2798 Augusti
995 2728 1028 2792 4.,
1040 2728 1068 2780 in
1079 2728 1137 2780 aliis
1145 2743 1206 2780 roro
1218 2727 1266 2792 10,

102 2813 173 2883 quod
189 2819 352 2884 postremum
368 2821 494 2886 unquam
510 2815 623 2870 Eusebio
638 2816 726 2886 magis
742 2821 947 2868 cousentaneum
963 2817 1067 2866 secutus
1079 2812 1266 2866 estPontacus.

100 2897 206 2970 Quippe
217 2905 321 2954 mortuo
329 2901 462 2972 Antigono
473 2901 588 2955 Herodes
600 2901 707 2972 pacifice
718 2901 849 2970 regnarit,
861 2904 888 2952 et
899 2898 990 2952 eodem
1001 2915 1070 2952 anno
1082 2915 1181 2952 norum
1192 2899 1268 2968 regni

101 2985 252 3056 auspicium
263 2984 361 3040 habuit.
378 2985 441 3040 Erat
448 2986 526 3041 Urbis
535 3003 619 3040 annus
629 2985 694 3048 720,
707 2985 822 3038 lulianus
834 2983 887 3050 lu,
899 2985 1018 3056 quamvis
1028 2984 1106 3038 etium
1117 2985 1145 3038 in
1154 2985 1266 3038 editione

101 3069 213 3124 Pontaci
223 3087 284 3125 cum
295 3072 408 3142 Augusti
419 3091 456 3129 xr.
468 3073 568 3142 primus
583 3070 693 3126 Herodis
709 3071 791 3136 meat,
809 3072 854 3140 qui
871 3077 911 3124 est
921 3069 997 3124 Urbis
1009 3069 1081 3135 721„
1097 3070 1213 3124 lulianus
1228 3069 1266 3123 13.

100 3154 143 3208 lix
153 3155 206 3209 hoc
216 3161 333 3227 tempore
346 3175 438 3212 xxxvu
449 3157 525 3228 regni
536 3173 619 3210 anuos
631 3155 728 3210 orditur
739 3155 880 3222 Eusebius;
895 3155 1010 3210 eiusdem
1021 3171 1081 3210 vero
1098 3162 1209 3210 mortem
1226 3172 1266 3208 ss·

101 3241 193 3311 signat
200 3257 272 3296 auno
279 3242 392 3313 Augusti
400 3261 490 3308 xurrr,
502 3242 605 3313 Olymp.
614 3257 693 3296 cxciv
703 3257 772 3296 suno
782 3248 883 3312 quarto,
895 3242 928 3295 ab
936 3242 1067 3294 Ahraamo
1076 3241 1159 3305 2021,
1171 3240 1268 3294 Uhristi

101 3327 203 3396 quinto.
228 3327 403 3392 Quamobrem
414 3327 588 3382 hallucinatur
599 3325 724 3398 Scaliger,
741 3327 786 3397 qui
802 3344 871 3380 auno
883 3327 957 3381 2019.
973 3326 999 3379 id
1014 3327 1047 3380 ab
1059 3327 1171 3381 Eusebio
1187 3327 1267 3380 tribui

100 3418 206 3478 auset,
217 3418 245 3465 et
255 3412 502 3468 metachronismum
514 3429 571 3466 esse
583 3413 645 3466 dicit
656 3429 784 3468 annorum
796 3413 883 3466 trium
900 3411 997 3466 Verum
1008 3413 1032 3464 si
1042 3411 1084 3464 hic
1096 3427 1179 3464 arruns
1192 3429 1266 3481 quar·

98 3503 144 3552 tus
156 3503 199 3552 est
210 3498 314 3570 Olymp.
327 3514 418 3565 cxcv,
435 3499 548 3569 Augusti
559 3517 655 3564 surm,
670 3515 730 3552 cum
744 3497 859 3552 Herodes
874 3498 951 3568 paulo
968 3503 1028 3550 ante
1039 3496 1138 3550 Pascha
1149 3504 1266 3551 mortuus

99 3585 148 3649 sit,
165 3593 195 3638 et
206 3584 320 3654 Augusti
332 3601 426 3649 uuum,
444 3599 513 3638 cuno
525 3584 619 3638 Iuliani
630 3603 702 3638 xnrx.
718 3585 772 3638 iam
788 3584 892 3638 labente
909 3583 977 3653 apud
989 3582 1130 3636 llusebium
1146 3585 1267 3653 coeperit,
1369 3625 1373 3634 .

98 3685 211 3724 necesse
224 3674 265 3723 est
274 3675 305 3722 ut
316 3684 385 3722 anno
397 3669 492 3724 luliani
500 3687 525 3722 n.
537 3671 642 3724 ineunte
654 3671 759 3742 perierit
767 3669 893 3734 Herodes,
906 3685 965 3722 cum
977 3685 1062 3722 annus
1073 3674 1179 3738 quartus
1189 3683 1267 3722 cxcv.

98 3754 267 3828 Olympiadis
279 3752 362 3808 adhuc
373 3754 531 3822 decurreret,
543 3757 589 3825 qui
600 3761 626 3809 et
637 3755 749 3808 Uuscbio
761 3755 882 3808 Abraami
894 3753 967 3806 2021.
980 3760 1107 3807 censetur.
1125 3754 1199 3807 Uerta
1211 3755 1267 3824 qui·

97 3841 163 3894 ᾶοιιι
171 3839 248 3894 2020.
261 3840 354 3894 saltem
365 3857 422 3894 esse
435 3840 517 3894 debet
546 3840 620 3896 Unde
631 3839 865 3904 metachronismus
877 3839 925 3892 erit
937 3856 970 3892 ex
979 3839 1157 3911 Scaligerianu
1167 3840 1267 3892 ratione

96 3943 232 3980 annorum
245 3925 388 3980 solidorum
400 3926 526 3996 quinque,
538 3941 592 3980 non
604 3931 691 3980 autem
702 3926 790 3980 trium.
808 3923 876 3978 Nam
887 3923 987 3978 Iuliano
998 3943 1058 3980 rav.
1070 3931 1202 3978 mortuum
1213 3941 1266 3978 cre·

96 4012 143 4064 dit
151 4011 289 4066 Herodem
924 4017 929 4026 “

170 4097 227 4150 Iam
238 4113 300 4150 cum
310 4095 381 4150 idem
389 4096 506 4168 Scaliger
517 4098 592 4152 libv.
602 4097 633 4150 de
642 4095 749 4150 Umend.
759 4094 897 4166 Iosephum
909 4111 1008 4148 errasse
1019 4096 1185 4165 pronunciat,
1197 4095 1267 4166 quod

95 4199 187 4236 annos
197 4181 309 4236 Herodis
320 4199 414 4238 xxxrrr
425 4199 442 4236 s
452 4181 561 4236 Domitii
576 4187 603 4233 et
613 4181 698 4234 Asinii
712 4182 850 4235 consulatu
866 4181 982 4246 deducit,
999 4181 1092 4234 erroris
1109 4182 1194 4251 potius
1210 4183 1266 4252 ipse

95 4269 276 4322 convincitur.
298 4267 366 4322 llam
377 4266 514 4338 losephus,
526 4272 556 4320 ul
567 4283 600 4320 ex
613 4268 789 4338 superioribus
800 4268 894 4336 liquet,
911 4283 999 4320 secum
1011 4265 1119 4318 mirifice
1132 4268 1268 4331 consentit,
1294 4297 1314 4336 p,
1325 4286 1368 4328 ιιι,

94 4361 126 4407 at
137 4353 321 4408 Eusebiauum
331 4355 405 4407 illum
416 4351 666 4408 metachronismum
677 4353 823 4423 redarguit,
841 4369 900 4405 cum
917 4354 1081 4422 perspicuum
1095 4352 1129 4404 sit
1140 4351 1267 4406 Herodem

94 4441 183 4510 longe
194 4447 257 4493 ante
268 4439 398 4493 lulianum
410 4455 435 4494 ι.
449 4437 582 4493 occidisse.
605 4438 634 4492 ln
646 4439 790 4491 Annalibus
807 4455 859 4491 non
871 4455 911 4504 u.‚
927 4443 957 4490 nt
974 4437 1041 4508 apud
1053 4437 1207 4500 llusebium,
1222 4437 1268 4490 scd

94 4544 135 4582 ur.
150 4541 222 4580 auno
234 4525 334 4580 Iuliano
345 4525 454 4580 Herodis
466 4525 551 4581 obitus
563 4525 677 4596 ponitur,
695 4539 770 4577 aerae
784 4524 929 4577 communis
942 4528 1047 4588 octauo,
1063 4523 1107 4593 qui
1118 4529 1209 4578 sextus
1221 4539 1267 4576 uu·

94 4613 201 4668 marari
212 4611 310 4666 debuit.

155 4721 223 4774 corp.
236 4722 362 4766 iimreasol.
371 4723 409 4764 111.
1044 4711 1068 4766 Η
