3138 5044
1127 311 1277 368 CXXXVII

112 469 135 523 si
147 469 271 524 dominus
280 469 392 533 deden't,
404 483 439 522 ex
450 467 570 524 institute
578 467 734 524 refellentur.
751 467 807 522 lico
816 481 878 522 vero
886 467 943 524 loeo
952 470 1078 538 quantum
1087 467 1120 520 ad
1128 471 1277 538 susceptam

113 555 143 610 de
154 555 302 610 dominicae
309 555 441 626 passionis
453 571 522 608 anno
531 555 712 626 quaestionem
723 569 830 608 necesse
842 554 902 620 erit,
914 553 1026 608 emuttis
1034 568 1119 624 panca
1126 553 1276 608 libabimus.

229 708 275 763 DE
291 707 495 762 IUDAEORUM
511 707 603 762 ANNO
622 708 754 762 VETERE
772 707 949 774 SOALIGERI
966 706 1163 764 SENTENTIA.

178 810 250 866 Nihil
266 811 309 866 hic
326 811 358 864 de
375 811 617 882 antiquissimorum
633 811 810 866 Hebraeorum
827 828 857 866 ac
875 809 1079 883 patriarcharum
1095 825 1165 864 auno
1185 809 1277 875 dicam.

110 897 182 969 qood
192 897 226 951 ad
237 913 293 952 rem
308 903 473 968 praesentem
487 896 554 952 nihii
568 898 673 964 attinet,
691 897 736 951 red
752 897 785 952 de
800 898 936 952 recentiori
951 898 1080 950 conexas
1094 899 1192 961 aetate,
1210 912 1277 967 quae

110 983 208 1038 Obristi
215 984 332 1036 caulem
340 983 440 1054 aliquot
446 984 557 1038 saeculis
567 985 713 1038 mtecessit.
731 981 1188 1054 QuotemporeAlexandrcam‚sive
1198 981 1276 1036 Grae·

110 1085 168 1122 cam
180 1069 244 1122 anui
254 1068 367 1123 formam
378 1069 508 1124 aludaeis
520 1069 664 1124 &masam
678 1074 705 1123 et
719 1085 770 1122 usu
782 1069 852 1122 civili
862 1073 993 1140 receptum
1004 1068 1121 1138 Scaliger
1137 1068 1277 1122 arbitretur

110 1161 151 1210 eet
163 1155 245 1226 idque
261 1153 465 1226 chronographis
481 1155 682 1210 adulatoribus
694 1155 751 1208 suis
764 1155 885 1209 omnibus
896 1155 1034 1225 persuasit.
1065 1153 1195 1224 Imprimis
1207 1154 1278 1208 enlm

109 1241 154 1296 lib.
168 1241 201 1294 de
211 1239 321 1296 Emend.
333 1259 362 1296 rr.
373 1259 400 1312 p.
411 1241 451 1296 99.
464 1241 503 1295 ed.
516 1242 560 1294 ait
573 1240 675 1306 scribit,
693 1239 817 1306 Iudaeos,
829 1241 1050 1294 communientes
1063 1237 1112 1290 dci
1124 1241 1166 1306 τῆς
1181 1236 1277 1307 φάσεως

109 1326 282 1392 deducerent,
297 1332 405 1398 accepto
421 1327 615 1381 Seleucidarum
630 1327 694 1396 iugo
712 1343 804 1380 eorum
819 1341 918 1380 anunm
934 1331 960 1379 et
976 1323 1102 1396 epocham
1113 1324 1277 1394 adpetitione

110 1429 174 1466 nans
192 1413 357 1466 tramtnlisse
373 1427 404 1466 ac
417 1411 680 1482 Syromacodonicam
690 1411 825 1482 periodum
836 1427 984 1482 usurpasse.
1002 1410 1065 1464 Erat
1072 1409 1137 1464 haec
1145 1409 1279 1480 Oaiippica

109 1515 191 1563 mera,
205 1499 286 1567 cyclis
293 1498 432 1552 Iletcuicis
441 1517 469 1552 1v
481 1503 615 1561 conamus,
627 1497 702 1550 annis
712 1514 806 1561 oxxvr,
819 1495 1012 1550 utOsusorinus
1023 1501 1114 1550 auctor
1125 1501 1173 1560 esi,
1185 1495 1277 1550 diebus

110 1583 204 1638 stica.
227 1581 321 1652 chlos
332 1600 409 1654 porro
421 1583 662 1636 decemnovennalis
674 1581 822 1653 Oaiippicus
833 1582 902 1636 idem
913 1597 1019 1652 prorsus
1031 1587 1087 1634 snat
1097 1597 1157 1636 cnm
1167 1581 1277 1646 loliano,

110 1668 212 1722 dierum
223 1667 304 1734 6939,
320 1667 375 1723 bor.
387 1668 426 1724 18.
464 1667 517 1722 Sed
534 1684 595 1722 cnm
611 1667 747 1738 periodum
763 1683 838 1722 suam
856 1667 980 1738 Oalippus
996 1682 1027 1720 eo
1044 1665 1192 1720 inchoasset
1206 1681 1276 1720 anno

111 1771 162 1824 qno
178 1753 289 1808 Darium
299 1754 448 1808 Alexander
463 1753 496 1808 ad
512 1753 608 1807 Arbela
623 1753 698 1815 vicit,
716 1752 818 1824 Olymp.
828 1767 892 1808 cxrr.
904 1767 974 1806 auno
991 1750 1117 1815 secundo,
1134 1750 1190 1804 aive
1200 1750 1278 1820 lpbiii

110 1854 268 1905 ccccxcvi,
283 1856 336 1910 per.
347 1841 397 1895 lul.
407 1839 496 1904 4383„
512 1839 586 1909 cyclo
597 1839 674 1892 lunae
685 1853 758 1902 xrn.,
771 1838 833 1892 eolis
843 1856 900 1904 xv.‚
917 1838 951 1890 ab
962 1843 1101 1901 autumno,
1117 1841 1173 1890 tam
1186 1835 1277 1890 (irasci

109 1926 136 1978 io
150 1925 307 1980 liacedouIa
322 1941 402 1997 quam
419 1925 642 1994 Syromaoedonea
657 1924 685 1978 iu
696 1924 761 1978 Asia
771 1923 881 1978 eandem
896 1923 969 1978 iliam
984 1922 1084 1976 decimo
1099 1937 1183 1987 nono,
1196 1937 1277 1992 quam

109 2011 247 2082 aOalippo
259 2013 409 2082 excogItata
418 2012 516 2076 fueret,
533 2027 602 2064 anuo
618 2011 809 2075 memorarunt,
825 2009 962 2064 duodecim
978 2010 1053 2064 annis
1065 2013 1125 2080 post
1136 2009 1278 2064 Alexandri

109 2103 235 2163 monem,
245 2097 345 2168 periodi
354 2097 494 2162 luisset,
506 2097 579 2167 cyclo
590 2097 668 2152 lunae
677 2115 743 2163 mn,
754 2097 817 2151 selis
824 2114 869 2162 vr,
880 2112 990 2166 eamque
999 2111 1015 2148 a
1024 2095 1276 2164 Syromaeedcnibns

110 2181 358 2248 Obaldaei,1ndaei,
369 2183 515 2254 Rogarem,
526 2183 626 2238 Arabes
637 2184 759 2238 traditam
770 2188 932 2254 acceperunt.
950 2181 1039 2238 iudaei
1047 2198 1109 2236 vero
1118 2198 1207 2236 aeram
1215 2199 1277 2238 cou-

109 2274 242 2322 tractuum
256 2273 380 2331 iilum)
396 2273 467 2356 ΓΜ
484 2270 564 2340 vulgo
577 2275 737 2340 nuncupant.
771 2270 802 2323 In
813 2269 1030 2324 Maccahaeorum
1040 2268 1112 2322 libris
1123 2270 1186 2324 anni
1198 2267 1277 2324 Orac·

108 2378 200 2416 corum
211 2361 382 2434 appellantur,
393 2363 524 2434 iidemque
534 2363 729 2418 Seleucidarum
741 2365 814 2431 dicti,
826 2365 897 2435 quod
908 2364 999 2418 eodem
1010 2379 1080 2418 auno
1092 2379 1144 2434 qno
1155 2364 1278 2435 periodm

109 2449 153 2502 iila
162 2447 224 2502 iniit
232 2447 358 2503 Seleucus
367 2449 504 2519 Babylone
513 2455 665 2520 recuperata
674 2465 807 2520 emergere
816 2455 894 2520 atque
904 2451 1043 2520 imperium
1054 2449 1169 2504 rubium
1181 2452 1276 2521 coepit.

176 2533 288 2588 Lnnuis
305 2523 367 2591 anni
381 2535 476 2588 modos
494 2540 534 2587 eat
549 2535 649 2588 dierum
664 2535 728 2600 354,
745 2535 774 2600 8,
795 2531 850 2600 5¹3,
868 2531 905 2586 8¹¹
919 2535 988 2606 lisa,
1008 2535 1106 2590 mensis
1119 2535 1159 2590 29.
1175 2535 1213 2588 12.
1225 2533 1277 2590 44¹.

110 2616 161 2672 25¹¹
175 2619 243 2689 ’Ἃρ
273 2620 344 2672 Anni
355 2620 510 2690 principium
521 2619 555 2672 ab
567 2625 695 2674 autumno
710 2620 852 2690 etquidem
864 2619 983 2672 Octobris
996 2635 1041 2674 vir.
1072 2617 1140 2672 Nam
1152 2619 1277 2690 Tetupba

111 2705 178 2758 Tisri
189 2703 281 2758 incidit
291 2705 319 2760 lu
331 2703 452 2758 Octobris
464 2721 523 2758 ven:
538 2706 584 2774 qni
595 2705 650 2759 dies
661 2706 761 2776 prImne
774 2710 830 2759 erat
840 2706 902 2758 anni
913 2705 1014 2758 solaria
1047 2703 1116 2757 Nam
1127 2709 1154 2758 et
1164 2703 1277 2758 solarem

110 2795 246 2860 paeterea
263 2805 362 2844 anunm
380 2789 566 2858 observabant,
583 2795 614 2844 nt
629 2791 657 2844 iu
674 2791 763 2846 librv.
777 2791 808 2844 de
820 2789 928 2845 Emend.
944 2790 1045 2855 scribit,
1066 2790 1139 2844 cuine
1157 2790 1277 2844 bisextus

111 2881 170 2930 ante
185 2875 301 2946 primum
312 2875 382 2929 Tisri
393 2893 440 2931 vrr.
456 2875 574 2930 Octobris
589 2875 772 2932 infindebatcr.
807 2875 858 2929 Sed
875 2880 967 2945 postea
983 2876 1109 2930 manslato
1125 2875 1152 2928 in
1167 2891 1277 2930 vernum

111 2968 214 3032 tempus
225 2961 299 3015 initio
311 2962 378 3016 iuter
389 2963 502 3033 primam
511 2966 537 3014 et
545 2960 689 3014 secundam
698 2962 792 3032 Aprilis
802 2963 915 3014 insertrm
927 2965 975 3016 est.
997 2961 1091 3016 Postea
1101 2961 1203 3016 Iuliana
1214 2963 1277 3018 euni

110 3047 196 3102 forma
212 3052 329 3118 recepta,
346 3048 415 3102 inter
432 3065 493 3100 xxv.
511 3051 538 3098 et
549 3063 621 3102 xxvr.
634 3047 722 3100 Martii
738 3047 906 3102 intercalatus
924 3052 964 3100 est
980 3047 1043 3102 dies.
1078 3047 1161 3118 Igitur
1177 3049 1276 3102 lunens

110 3133 172 3186 anni
184 3133 322 3204 dispositio
333 3133 403 3204 apud
413 3132 524 3186 Iudaeos
534 3131 780 3200 Syromooodonioa
793 3135 848 3188 sive
858 3133 1001 3205 Oalippica,
1013 3133 1076 3196 fnit,
1088 3134 1162 3188 cuiue
1172 3135 1277 3190 initium

110 3219 144 3273 ab
156 3217 277 3272 Octobris
289 3235 336 3274 vu.

177 3303 277 3356 Verum
288 3317 348 3358 com
359 3303 447 3372 cyclus
460 3303 608 3374 Oulippicns
619 3303 718 3356 lunaris
729 3302 799 3356 idem
810 3309 851 3358 est
861 3321 922 3358 com
932 3303 1047 3368 loliano,
1064 3305 1181 3360 lunarem
1192 3305 1277 3360 Indei-

110 3407 181 3456 cam,
204 3405 284 3460 quem
299 3389 465 3444 verissimum
479 3393 556 3459 putat
572 3388 696 3459 Scaliger,
714 3389 824 3442 excedat
838 3388 908 3443 boris
919 3389 958 3454 5.,
978 3406 1064 3460 scrop.
1082 3389 1193 3444 ludaicis
1209 3391 1276 3456 760,

111 3476 238 3546 quoniam
250 3474 316 3544 cycli
328 3475 572 3528 decemnovennale
584 3491 708 3528 excessus
720 3480 762 3528 est
772 3473 827 3529 her.
839 3475 861 3528 1.
872 3474 935 3539 485,
947 3480 1008 3546 post
1018 3475 1106 3544 cyclos
1117 3491 1178 3530 vero
1191 3476 1276 3547 Oelip·

109 3562 182 3630 piccs
194 3579 243 3626 rv.,
261 3561 307 3630 qni
322 3559 516 3630 Hipparcheum
532 3577 615 3614 unum
626 3559 737 3625 iaciunt,
754 3561 788 3612 ad
803 3559 880 3614 horas
893 3559 934 3613 at.
946 3560 1009 3626 880,
1026 3560 1075 3614 hoc
1092 3566 1132 3614 eet
1142 3561 1196 3616 fere
1208 3562 1276 3616 diem

110 3645 223 3700 solidum
235 3661 360 3700 excessua
371 3645 415 3698 iile
425 3646 572 3716 perveniat,
583 3645 673 3698 ludaei
683 3645 811 3716 paulatim
821 3645 908 3700 labem
920 3647 983 3700 anni
994 3647 1035 3700 sni
1044 3645 1275 3717 deprehenderunt.
1302 3665 1324 3706 r·
1333 3656 1376 3698 lea

109 3731 213 3784 Etenim
225 3729 386 3804 Oaiippicam
402 3731 482 3784 istam
498 3729 611 3784 formam
623 3730 656 3784 ad
668 3747 764 3786 anuum
777 3729 875 3786 Ohristi
885 3730 943 3785 ³44.
955 3733 1130 3797 retinuerunt,
1147 3739 1178 3786 nt
1187 3733 1274 3788 libii.

110 3817 142 3870 de
152 3815 261 3870 limend
274 3815 401 3884 scrIptum
412 3821 459 3868 est
483 3814 559 3868 OIrca
569 3805 639 3868 bu'rrc
654 3831 752 3870 annum
763 3833 824 3869 vere
841 3817 913 3870 bidui
923 3817 1015 3870 vitium
1032 3817 1276 3884 animadverterunt,

110 3917 169 3955 cum
185 3899 290 3954 iamab
305 3900 380 3953 initio
393 3900 589 3954 Seleucidarum
606 3917 691 3954 annus
703 3901 760 3954 656.
772 3901 909 3966 laberetur,
926 3903 971 3971 qui
988 3909 1028 3956 eet
1038 3921 1130 3958 xcvrrr.
1142 3908 1203 3973 post
1213 3903 1275 3974 liip-

109 3985 236 4058 parcbeae
251 3983 371 4056 periodos
385 3983 459 4041 duas.
482 3987 574 4057 ltaque
586 4003 646 4041 cum
654 3987 721 4040 Tisri
730 3987 886 4040 ludaeorum
894 3987 1074 4041 Alexandreus
1086 3993 1156 4041 esset
1166 3989 1193 4042 in
1202 4007 1274 4043 xxvr.

109 4073 181 4144 Sept.
192 4071 259 4124 ieris
269 4088 320 4136 ιι,
336 4086 371 4124 ex
386 4071 541 4142 epilogismo
558 4071 697 4136 hodierne,
715 4073 770 4126 sive
786 4072 872 4126 lunari
883 4070 988 4142 ἀκριβεῖ,
1005 4072 1136 4126 character
1147 4079 1203 4127 erat
1214 4075 1238 4130 2.
1250 4075 1276 4140 4,

110 4159 168 4212 240.
181 4157 255 4228 Sept.
266 4173 338 4211 xxxv.
361 4155 404 4208 En
416 4158 487 4210 lobea
498 4158 576 4212 bidui.
600 4157 719 4210 Nondum
731 4161 796 4210 enim
806 4163 930 4212 celebrem
941 4157 1105 4229 Ooiippicom
1116 4161 1147 4211 de
1158 4161 1216 4214 sede
1227 4179 1275 4216 ssu

109 4245 306 4296 wilcitoccroat
313 4242 419 4307 Iudaei,
430 4244 476 4295 ced
484 4260 539 4294 com
549 4243 634 4296 odico
649 4245 797 4298 iricolomem
805 4256 979 4298 amoverant.
1002 4244 1067 4300 Sero
1078 4244 1159 4314 igitur
1170 4246 1276 4302 tandem

111 4345 195 4384 errore
215 4328 334 4399 cognite,
351 4326 468 4382 adbibita
483 4327 511 4381 in
523 4329 651 4382 auxilium
669 4330 825 4400 astrmogic,
842 4347 902 4384 eum
919 4346 1018 4384 anunm
1033 4331 1202 4385 instituerunt
1222 4349 1274 4402 quo

111 4421 218 4470 utuntur
229 4413 314 4470 bodie.
349 4411 525 4478 Quamobrem
542 4431 576 4466 ex
594 4415 716 4484 opinione
728 4415 855 4486 Scaligeri
872 4431 956 4468 mnus
967 4417 1012 4470 ille
1024 4416 1274 4486 Syromaeedonicus

113 4507 137 4552 et
146 4499 327 4556 Alexandrens
340 4499 488 4570 Oalippicus
498 4515 552 4552 non
563 4499 649 4553 solum
660 4501 709 4554 sub
721 4501 808 4570 ipsum
819 4501 950 4571 passionis
961 4506 1076 4572 tempus,
1092 4517 1183 4556 verum
1195 4504 1274 4556 etiam

114 4585 154 4639 diu
164 4591 258 4658 postea
269 4584 339 4656 apud
349 4585 459 4640 ludams
471 4583 590 4640 obtinuit.
625 4585 678 4640 Sed
693 4585 784 4640 eodem
801 4587 828 4639 in
840 4603 917 4657 opere
929 4586 961 4640 de
972 4586 1159 4644 Emendatione
1171 4593 1273 4642 sentem
