3126 5046
1107 319 1255 376 OOXXXV

90 479 137 550 qui
153 479 296 550 imperator
311 494 327 531 a
341 482 416 549 patre
432 477 600 532 renunciatus
612 483 651 532 cat
662 493 730 532 anno
743 491 887 542 cconarra,
898 482 927 532 ut
936 477 1012 532 initio
1023 475 1101 530 huius
1113 477 1197 548 operis
1210 475 1255 530 ad·

90 565 242 619 escuinus
258 581 292 618 ex
310 563 425 619 Socrate.
459 565 494 617 At
504 563 702 618 Valentinianus
717 563 803 617 iunior
813 581 848 618 vr.
865 567 925 634 post
940 563 1021 633 patris
1037 563 1137 616 obitum
1149 562 1191 616 die
1205 565 1254 626 im-

90 655 197 722 perator
208 665 225 702 a
235 649 362 704 militibus
378 655 419 702 est
434 651 574 714 salutatus,
592 649 683 702 eodem
700 654 789 702 autore
806 648 926 712 Socrate,
943 665 991 702 nec
1008 663 1062 702 non
1079 653 1106 700 ct
1116 649 1255 704 Ammiano

90 735 137 790 lib.
145 751 213 790 ιιι.
231 733 297 788 Oum
307 735 430 788 adversus
438 733 506 788 hanc
514 732 633 788 haerede
642 733 776 798 scriberet,
788 735 894 788 οοιῒίοιι
905 735 958 787 iam
969 749 1069 786 aunum
1079 733 1107 786 in
1118 732 1166 787 hoc
1178 749 1255 804 opere

89 821 245 874 sarnbmur
253 819 421 892 Epiphanius.
438 819 539 890 Quippe
548 835 617 874 anne
627 835 768 874 ooousxru.
778 820 890 873 scribere
898 825 938 874 est
947 835 1097 890 eggressus,
1108 825 1139 872 ut
1147 819 1174 872 in
1182 833 1255 889 prae-

90 905 192 960 latione
204 905 299 960 docuit.
323 905 376 960 Sed
386 907 421 959 ab
433 911 490 959 ortu
499 904 712 960 Manichaeorum
724 905 757 958 ud
768 903 837 958 hunc
848 906 935 975 ipsum
947 921 1045 958 annum
1057 903 1256 960 mendosissime

90 998 265 1046 numerantur
281 991 344 1046 anni
354 1009 459 1056 usrrn,
476 1007 523 1062 pro
542 991 636 1061 quihus
653 1007 735 1044 sonos
748 1005 803 1044 orn
820 990 999 1044 rescribendoe
1015 991 1043 1044 iu
1060 990 1180 1060 margine
1197 1006 1255 1044 cem

90 1077 204 1131 suimus.
230 1076 328 1130 Pendet
339 1092 370 1130 aa
381 1075 535 1130 numerandi
545 1076 611 1130 ratio
624 1091 657 1130 οι
669 1077 854 1146 imperatorum
866 1076 955 1140 annis,
967 1074 1118 1146 dequibus,
1130 1076 1256 1130 mulme-

91 1177 143 1233 qua
156 1163 345 1233 superioribus,
356 1178 460 1216 summa
471 1167 522 1227 est,
534 1171 563 1214 ut
574 1167 635 1216 autc
646 1162 809 1226 monuimus,
820 1161 954 1214 mnalium
966 1161 1152 1232 discrepantia;
1164 1161 1195 1216 da
1205 1177 1257 1231 qua

90 1247 144 1301 aiio
161 1247 190 1300 iu
206 1248 264 1301 ioco
282 1254 434 1302 statuemus.
467 1247 575 1302 interim
590 1247 614 1300 si
625 1247 792 1301 Aurelianos
808 1246 937 1300 duntaxat
951 1261 1034 1300 annos
1049 1262 1110 1300 com
1121 1247 1256 1302 mensibus

91 1335 195 1404 aliquot
205 1347 369 1402 arrogemus,
381 1338 458 1402 etque
470 1333 540 1386 illius
553 1347 621 1386 anuo
633 1351 669 1388 ιι.
682 1333 774 1386 lienes
785 1331 921 1402 prodierit,
936 1331 1021 1386 Probo
1033 1332 1175 1386 atl'aulino
1186 1347 1254 1414 coss.

91 1424 151 1472 esto
170 1435 255 1472 mnus
271 1419 321 1472 iste
333 1417 427 1472 Christi
439 1433 535 1472 court.
569 1417 636 1472 ilinc
653 1419 733 1488 igitur
750 1417 784 1470 ed
801 1431 936 1470 occursus
947 1418 1009 1470 auni
1026 1423 1195 1472 numerantur
1207 1433 1254 1472 cn.

91 1503 165 1568 Quos
177 1505 215 1558 ita
225 1521 259 1558 ax
271 1502 409 1574 Epiphanii
421 1509 506 1556 mente
518 1503 614 1574 partim
625 1501 674 1556 hoc
685 1503 742 1573 ipso
753 1503 823 1568 loco,
840 1503 935 1572 partim
952 1503 997 1556 lib.
1010 1502 1041 1556 de
1056 1503 1136 1557 Poud.
1154 1503 1256 1574 dispeu-

89 1605 151 1644 eare
162 1605 312 1660 possumus.
332 1589 487 1642 Aurelianus
498 1595 559 1659 poet
569 1605 630 1642 eum
642 1605 752 1652 annum,
768 1604 820 1657 quo
831 1588 945 1658 primum
956 1588 1048 1642 hianes
1059 1589 1173 1653 exstitit,
1190 1589 1257 1644 risit

90 1691 194 1730 annum
205 1693 228 1740 r,
245 1691 349 1728 menses
362 1691 401 1739 rr,
419 1674 524 1728 Tacitus
536 1691 570 1727 m.
580 1691 619 1738 vr,
636 1673 736 1728 Probus
748 1691 772 1726 a
782 1691 821 1738 vr,
839 1690 874 1728 m.
885 1692 921 1737 rr,
939 1671 1020 1726 Oaros
1035 1689 1096 1726 cum
1111 1672 1173 1726 filiis
1189 1689 1213 1726 a.
1225 1692 1255 1738 n,

89 1759 269 1815 Diocletianus
282 1777 306 1814 s.
318 1777 367 1826 ιι,
379 1759 565 1814 Constantinus
578 1775 601 1812 a.
614 1775 697 1812 ιιιιι.
728 1757 894 1828 Ooliiguntor
905 1759 938 1812 ab
951 1772 1020 1811 auno
1033 1775 1067 1813 rr.
1080 1759 1212 1812 Aureliani
1223 1758 1256 1812 sd

91 1845 259 1900 Constantini
277 1847 377 1900 obitum
394 1845 456 1900 anni
472 1863 546 1899 nunu.
582 1845 652 1898 Obiit
667 1842 853 1898 Constantinus
869 1859 903 1896 ex
917 1844 1035 1896 omnium
1047 1844 1176 1896 sententis
1186 1859 1256 1898 auso
1300 1900 1305 1908 .

91 1945 249 1986 οοοιιιιιι.
271 1933 355 2002 Aque
367 1931 400 1984 ad
411 1947 510 1984 annum
522 1945 665 1986 occurren.
675 1930 768 2000 reliqui
779 1936 842 1984 suut
853 1947 949 1994 ιιιιι,
962 1929 1006 1998 qui
1018 1928 1051 1981 ad
1063 1945 1129 1983 narn
1140 1928 1257 1984 adiuncti

91 2033 225 2072 summam
237 2017 379 2070 conficiunt
390 2033 517 2070 annorum
530 2033 576 2071 cn.

160 2101 192 2156 N.
201 2119 257 2156 nr.
275 2099 341 2168 Ἤδη
354 2101 381 2154 ci
392 2099 493 2172 ἀνδράσι
504 2099 640 2173 μεγάλοις]
659 2100 835 2154 Theodoretue
847 2102 996 2172 scriptores,
1009 2101 1054 2172 qui
1064 2101 1189 2156 advarm
1199 2102 1256 2156 hia·

90 2187 260 2242 nichaccrum
271 2193 371 2242 aecum
382 2189 581 2242 commentarios
592 2187 738 2252 ediderunt,
754 2194 871 2240 recenset
880 2187 945 2240 istos
951 2225 959 2251 ,
971 2187 1059 2242 Titum
1069 2186 1256 2242 Ecetranorum

92 2275 259 2345 episcopum,
276 2272 418 2327 Diodorum
429 2273 596 2338 Tarsensem,
616 2273 758 2342 Georgium
774 2273 949 2326 Laodiceuum
959 2273 1098 2338 Arisuum,
1114 2273 1256 2328 Eusebium

90 2358 249 2413 Phoenicem
262 2357 322 2429 (hoc
335 2365 375 2412 ast
385 2359 563 2428 Emesenum).
597 2357 672 2423 Quod
684 2358 716 2411 ad
727 2357 869 2412 Eusebium
881 2357 1075 2412 Caesariensem
1087 2359 1190 2423 attinet,
1208 2357 1256 2413 8ο-

92 2449 178 2498 crates
195 2444 268 2499 libr.
286 2460 342 2516 cap.
352 2461 416 2498 nvrr.
432 2445 522 2498 scribit
538 2444 625 2498 ieiune
644 2443 783 2498 admodum
801 2445 828 2497 in
845 2443 1026 2498 Ecclesiastico
1041 2443 1156 2498 Historia
1172 2444 1256 2498 liaui-

90 2527 234 2584 chaeoruru
244 2531 279 2584 ab
291 2530 336 2584 illo
347 2530 506 2584 mentionem
517 2546 575 2582 esse
587 2529 692 2584 factem.
713 2529 770 2593 Qua
781 2529 813 2584 de
824 2545 905 2582 cauea
914 2535 996 2584 totam
1008 2531 1064 2583 ciue
1075 2528 1210 2583 historiam
1222 2545 1256 2584 ex

91 2613 214 2669 Archelai
229 2617 330 2686 scriptis
348 2615 453 2669 uberius
469 2617 585 2687 exponit
620 2615 704 2680 Quare
718 2615 858 2685 praecipuo
871 2615 957 2684 aliquo
969 2615 1035 2667 libro
1048 2612 1166 2668 haeresin
1177 2614 1256 2668 isnn

91 2715 262 2772 oppugnasse
273 2699 375 2754 ridetur
385 2701 522 2756 Eusebius.
558 2701 610 2756 Sed
623 2701 692 2771 quod
704 2699 844 2770 Origcuern
855 2699 977 2752 aduersus
988 2697 1157 2752 Manichacus
1169 2699 1256 2752 aincu·
1279 2695 1284 2702 '

92 2787 185 2840 branse
201 2786 301 2856 aliquid
316 2785 477 2857 Epiphanius
493 2787 617 2850 sifirmat,
635 2786 759 2856 temporis
776 2786 876 2838 ratione
893 2785 952 2854 ipsa
967 2784 1101 2840 refellitur.
1136 2785 1255 2842 Mortuus
1281 2807 1355 2858 μω,

92 2872 164 2926 anim
176 2877 217 2925 eat
228 2871 354 2942 Origenes
365 2873 442 2926 anuis
453 2873 507 2926 iera
522 2889 557 2925 ιι
575 2875 715 2940 autequam
730 2867 944 2924 Manichaeorum
961 2870 1110 2940 superstitio
1127 2870 1155 2922 iu
1172 2869 1257 2924 iucem

92 2963 246 3028 emergeret.
281 2957 415 3028 Siquidem
431 2961 566 3026 grunnis
578 2956 668 3010 Severi
679 2956 871 3026 persecutione,
888 2970 957 3008 auno
975 2955 1031 3008 aius
1048 2954 1150 3024 imperii
1161 2971 1195 3018 ι.,
1213 2956 1257 3024 qui

92 3049 134 3096 cet
149 3059 226 3097 aerae
242 3043 419 3112 Dionysianae
431 3057 504 3106 oon,
522 3043 614 3094 aetatis
631 3057 730 3096 aunum
747 3046 873 3112 exegerat
884 3057 956 3105 arra,
974 3045 1004 3094 ut
1020 3039 1147 3094 Eusebius
1165 3041 1258 3094 asserit

92 3129 183 3182 iiber.
196 3143 302 3199 capum
337 3127 409 3182 Obiit
425 3145 485 3181 reru
503 3143 572 3180 anuo
590 3127 683 3180 aetatis
698 3145 770 3182 nm.
789 3129 933 3197 insperante
952 3125 1039 3191 Gallo,
1057 3125 1149 3180 eodem
1167 3131 1257 3180 autore

91 3215 138 3268 lib.
147 3231 194 3268 ru.
211 3229 267 3285 cap.
280 3233 299 3268 1.
333 3213 435 3268 Addltis
452 3214 533 3283 igitur
548 3213 624 3266 anuis
636 3231 686 3277 uu,
702 3221 731 3266 ut
743 3231 806 3266 uxrx
817 3213 983 3283 impleantur,
999 3217 1118 3266 mortuus
1131 3217 1257 3266 estserae

92 3299 242 3354 communia
254 3315 324 3354 anno
336 3315 434 3364 ocare,
445 3299 489 3352 die
501 3305 561 3352 ante
573 3298 740 3354 Manichacus
751 3299 872 3352 lacrimis
885 3303 979 3352 ortum.

159 3383 193 3439 N.
206 3401 273 3440 xxrs.
293 3382 322 3436 Ei
334 3383 361 3438 di
373 3383 400 3436 ia
411 3385 519 3455 poscor,
532 3384 573 3436 aul
585 3383 648 3436 κατὰ
659 3384 806 3450 συνήθειαι]
839 3383 933 3436 terrae
949 3391 1037 3437 motus
1049 3384 1212 3438 naturalibus
1224 3400 1258 3438 cx

92 3471 196 3525 caussis
209 3470 270 3524 oriri
280 3469 360 3524 nimis
373 3469 499 3531 ἰοιωτοιὼς
511 3485 608 3540 negare
618 3470 729 3524 ridetur.
758 3467 833 3533 Quod
845 3474 871 3521 et
882 3468 950 3539 spud
961 3468 1126 3523 Philaetrium
1137 3471 1257 3540 hgimus.

161 3555 194 3611 ti.
206 3573 283 3610 ιιιιι.
308 3553 351 3608 Ἐν
363 3559 392 3626 τῇ
405 3554 468 3628 ἀρχῇ
481 3554 508 3608 δὲ
519 3559 561 3622 τῆς
573 3550 756 3626 responsoriae]
790 3554 847 3618 Quo
863 3571 931 3607 anno
946 3559 1008 3624 post
1022 3556 1113 3608 orbem
1126 3555 1259 3610 conditum

92 3643 207 3696 Abalum
219 3641 335 3695 Adsmus
347 3643 477 3712 gennerit,
493 3642 599 3711 Moyses
617 3642 706 3696 mouit.
740 3642 787 3694 liic
800 3657 869 3693 anno
880 3639 1021 3694 centesimo
1034 3647 1142 3694 necatus
1159 3640 1259 3704 dicitur,

93 3743 154 3781 curu
166 3727 261 3780 utatis
273 3733 363 3797 ageret
370 3743 432 3780 ιιι.
450 3725 523 3780 Unde
535 3743 596 3780 unx.
609 3727 709 3780 circiter
720 3741 790 3780 anno
801 3733 891 3779 natum
903 3725 1025 3795 oportuit.
1048 3725 1101 3780 Sed
1112 3725 1176 3780 haee
1187 3739 1259 3780 mera

92 3811 221 3866 divinatio
232 3817 281 3867 est.
305 3811 384 3865 Porro
396 3809 528 3864 laurentis
539 3828 586 3882 pro
599 3810 702 3864 ἕκαστον
714 3811 903 3864 emendandum
915 3827 973 3864 asse
986 3827 1063 3864 nemo
1074 3827 1129 3864 non
1140 3810 1215 3862 videt.

162 3895 195 3950 ri.
207 3913 269 3952 ιιι.
299 3894 377 3967 Ἀρχὴ
394 3895 659 3964 custoditionem]
692 3897 794 3950 Primus
812 3901 977 3966 portentosae
994 3896 1065 3950 iilius
1082 3894 1196 3948 haeresis
1213 3911 1258 3964 op·

92 3987 235 4054 pugnator,
247 3983 280 4036 ub
291 3981 369 4052 idque
380 3982 508 4052 singulari
518 3981 594 4035 laude
605 3982 715 4052 dignus,
726 3980 866 4036 Archelaus
884 3982 983 4044 estitit,
1001 3981 1047 4050 qui
1062 3979 1179 4035 habitam
1197 3997 1213 4033 a
1230 3995 1258 4034 ee

93 4083 156 4121 cum
178 4068 320 4138 impostore
344 4067 545 4138 disputationem
567 4068 595 4120 in
616 4067 833 4120 commentarium
853 4065 955 4137 redegit
979 4067 1120 4137 omniaque
1143 4064 1259 4118 nciariae

94 4153 288 4224 superstitionis
299 4167 395 4206 arcana
405 4152 534 4224 pateiecit.
550 4152 591 4206 Ex
599 4149 648 4205 hac
657 4149 776 4206 Archelai
787 4153 925 4206 collatione
936 4153 1029 4206 caeteri
1038 4152 1158 4220 deinceps
1166 4149 1258 4205 huuae

94 4243 157 4292 runt
169 4253 272 4304 omues,
288 4238 334 4307 qui
348 4237 470 4292 haeretici
481 4238 551 4290 illim
562 4236 699 4292 historiam
714 4253 745 4290 ac
756 4238 880 4307 dogmata
889 4239 992 4308 scriptis
1003 4235 1177 4308 prodiderunt
1204 4238 1259 4292 lile·

93 4323 173 4378 minit
183 4321 303 4378 Archelai
313 4323 342 4377 iu
353 4322 528 4394 Scriptoribus
539 4321 637 4378 Eccles.
649 4323 832 4392 Hieronymus.

163 4407 196 4463 li.
208 4425 290 4464 xxrn.
315 4407 396 4480 Ὁμοῦ
408 4407 449 4460 aab
461 4404 474 4459 i
487 4406 600 4478 θερισμὸς
612 4404 717 4478 ἄρχοι]
741 4407 810 4462 rora
823 4407 939 4478 θιριπής.

163 4493 197 4549 N.
209 4509 303 4548 unm.
327 4493 356 4546 Et
369 4509 404 4555 τις
421 4492 519 4546 λούεται
536 4491 567 4553 εἰς
585 4493 613 4545 ub
630 4493 718 4562 ὕδωρ]
754 4493 824 4546 Oorr.
837 4492 857 4560 si
869 4511 902 4556 τις
913 4493 1024 4562 λούεται,
1043 4491 1074 4554 εἰς
1085 4494 1113 4546 rb
1125 4493 1206 4565 iidasp:
1229 4493 1260 4548 δι’

96 4585 151 4650 qsr'a
162 4581 249 4642 imai,
260 4583 288 4633 s'u
300 4597 391 4650 opacis
402 4597 474 4634 saum
487 4583 639 4648 conahtcpr't
649 4582 768 4632 ocimum.
