3126 5046
1134 350 1282 412 cmvii

121 495 210 564 aurinia
220 509 255 564 ait
266 526 300 564 ex
309 505 454 580 Epiphanio
466 516 611 575 mutuatus,
624 509 656 564 ds
666 507 816 580 turpissimo
827 510 872 564 illo
883 510 959 580 lapsu
967 510 1074 564 verbum
1084 509 1186 564 nullum
1197 527 1283 582 asper·
1402 511 1403 514 ’

120 596 162 650 eit
187 595 241 650 Sed
257 605 345 648 utrum
361 595 411 649 hoc
427 593 565 666 Epiphanii
576 595 700 648 adversus
712 594 831 648 haereses
843 596 1004 650 luculentum
1016 611 1080 666 opus
1092 596 1125 650 ab
1136 597 1282 666 Augustino

119 679 218 734 lectum
229 680 320 745 ment,
337 687 442 751 propter
457 697 502 734 eas
517 695 627 734 caussas
642 679 754 735 dubitari
769 685 868 750 potest,
886 697 953 751 quae
970 682 998 735 in
1015 681 1187 752 praefatione,
1205 696 1283 751 quam
1333 717 1347 742 .

120 765 193 836 operi
209 765 260 836 ipsi
276 765 460 836 praefiximus,
479 765 511 818 ud
527 765 650 820 lectorem
667 766 783 836 pluribus
800 772 862 820 sunt
879 783 895 819 a
911 767 986 820 uobis
1003 768 1145 838 expositus.
1178 765 1285 822 Frustra

119 849 210 920 igitur,
221 857 252 903 ut
263 851 367 920 quidem
378 856 498 921 apparet,
514 851 643 904 solicitata
659 858 699 904 eat
708 851 736 904 in
748 851 893 906 Annalibus
904 852 1060 906 narrationis
1071 853 1141 906 illius
1157 853 1284 923 istiusque

119 935 171 988 luci
180 935 260 1002 tides,
271 951 331 990 cum
342 937 416 990 nulla
427 936 459 988 ad
471 951 530 990 eam
540 936 747 990 labefactandam
759 937 823 990 setis
835 937 911 990 firma
922 938 989 991 ratio
999 938 1036 990 sit
1045 939 1132 992 chata.

187 1019 220 1076 ll.
229 1039 258 1074 n.
275 1019 306 1074 ‘0
319 1019 346 1072 al
357 1020 506 1091 βουλόμενος
518 1019 549 1082 εἰς
561 1020 670 1092 issima]
688 1023 803 1092 Vulgata
814 1029 854 1076 est
864 1021 972 1076 historia
983 1023 1028 1076 illa
1040 1023 1072 1076 de
1083 1039 1189 1077 emesan
1198 1024 1283 1093 Tyrio,

120 1105 204 1175 deque
216 1121 301 1160 rrarrr
310 1107 386 1160 annis
397 1107 435 1160 ibi
445 1109 584 1162 transactis
598 1109 631 1161 ab
641 1107 766 1178 Origene,
783 1125 842 1162 cum
854 1123 941 1162 sacros
953 1109 1053 1162 codices
1064 1109 1283 1180 interpretaretur.

119 1189 206 1254 Quam
223 1207 257 1244 err
273 1189 322 1245 hoc
339 1191 478 1263 Epiphanii
493 1193 552 1246 loco
569 1199 596 1246 et
611 1210 645 1246 ex
661 1194 706 1248 lib.
719 1193 750 1246 dc
761 1193 841 1248 Poud
855 1200 881 1246 et
891 1193 974 1248 biens.
988 1193 1141 1264 chronologi
1152 1184 1229 1264 atque
1246 1193 1283 1248 hi·

119 1277 210 1330 ctorici
220 1278 415 1336 transtulerunt
436 1277 488 1332 Sed
499 1277 562 1332 haec
573 1279 667 1332 uellem
678 1280 723 1331 isti
734 1279 879 1332 accuratius
891 1278 1075 1350 expendissent
1090 1295 1120 1333 ac
1132 1295 1191 1334 oum
1203 1280 1283 1350 gestis

119 1362 242 1432 origenis
257 1368 283 1415 et
293 1363 399 1416 Eusebii
408 1363 453 1418 lib.
462 1381 497 1419 rr.
511 1365 688 1419 contulissent
719 1363 778 1418 Nou
795 1365 865 1417 enim
877 1364 1025 1418 dubitamus
1038 1366 1101 1434 quin
1111 1381 1183 1419 mera
1193 1365 1284 1418 fabula

119 1448 166 1512 sit,
177 1447 257 1517 idque
269 1447 344 1502 certis
357 1454 435 1520 atquc
447 1449 608 1502 euidentibus
620 1449 779 1520 argumentis
791 1449 875 1519 possit
886 1450 995 1504 ostendi.
1029 1450 1097 1504 Nam
1112 1449 1178 1506 haec
1194 1451 1221 1504 iu
1233 1451 1284 1520 'ly-

120 1549 178 1586 rum
190 1533 316 1603 protectio
328 1534 450 1604 contigit,
467 1539 497 1587 ut
507 1539 617 1588 testatur
628 1533 800 1604 Epiphanius,
817 1540 877 1604 post
889 1535 1008 1604 Origenis
1022 1536 1140 1605 lapsum,
1155 1551 1215 1589 curu
1231 1536 1284 1588 ism

120 1619 258 1688 presbyter
269 1618 401 1672 ordinatus
413 1624 489 1674 ceset.
516 1617 575 1672 lion
586 1619 650 1672 illud
660 1619 714 1672 iam
724 1625 827 1689 repeto,
839 1619 960 1689 Origeuia
971 1621 1146 1674 calamitatem
1157 1621 1238 1674 rideri
1249 1635 1284 1674 ex

119 1702 260 1775 Epiphanli
270 1709 357 1758 ruente
368 1705 418 1757 sub
429 1705 508 1758 Decio
520 1703 710 1769 collocandam,
727 1705 816 1773 paucis
834 1711 893 1758 ante
909 1705 979 1759 illius
991 1705 1090 1759 obitum
1106 1707 1190 1760 anuis.
1223 1705 1284 1758 Fin-

120 1803 217 1859 gamua
229 1787 273 1842 diu
284 1794 344 1842 autc
355 1789 505 1859 contigisse.
539 1790 597 1842 Duo
615 1805 648 1842 ex
665 1789 777 1842 Eusebio
794 1795 862 1842 certa
873 1795 947 1855 suut,
964 1790 1104 1860 Origenem
1119 1807 1150 1844 eo
1166 1796 1283 1860 tempore

120 1873 302 1944 presbyterum
314 1873 455 1928 Caesareae
472 1891 530 1928 esse
545 1875 655 1940 iactum,
673 1891 725 1944 quo
742 1874 855 1928 Echinus
866 1874 965 1928 Phileto
981 1881 1083 1929 mortuo
1095 1873 1284 1930 Antiochenam

121 1959 212 2014 sedem
223 1960 348 2024 obtinuit,
364 1975 425 2013 curn
435 1961 463 2014 in
477 1959 612 2014 Graeciam
624 1976 669 2032 per
679 1959 854 2014 Palaestinam
864 1962 913 2014 iter
924 1961 1034 2026 iaceret,
1046 1961 1114 2031 quod
1125 1961 1171 2016 lib.
1179 1977 1215 2016 rr.
1227 1975 1283 2031 cap.

120 2063 186 2099 rm.
197 2051 293 2100 narrat
319 2045 385 2098 item
396 2051 456 2116 poet
466 2061 564 2098 annum
575 2045 716 2098 Alexandri
727 2045 856 2100 decimum
868 2045 1022 2100 Caesaream
1032 2045 1225 2117 profugientem
1236 2046 1283 2100 ibi·

121 2130 181 2184 desu
193 2129 289 2184 Eutius
301 2129 424 2184 haesisse.
442 2130 518 2201 Apud
529 2131 671 2184 Eusebium
682 2131 712 2184 in
719 2129 846 2186 Chronico
858 2131 977 2186 Zebeuus
988 2138 1048 2202 post
1058 2129 1186 2186 Philetum
1195 2131 1284 2186 Antio·

121 2215 220 2270 chenus
237 2215 375 2286 episcopus
392 2215 477 2270 factus
493 2221 545 2281 cst,
563 2231 632 2269 anuo
643 2216 784 2270 Alexandri
792 2235 847 2280 vra,
858 2217 904 2287 qui
915 2223 955 2270 est
965 2215 1061 2271 Christi
1073 2233 1209 2282 currina,
1225 2233 1285 2270 cum

123 2299 251 2372 Origenes
262 2316 361 2354 sunum
373 2305 463 2370 egeret
470 2317 545 2356 rnna
564 2303 655 2355 Annus
667 2317 729 2356 uero
740 2302 854 2356 decimus
863 2303 1004 2356 Alexandri
1013 2301 1108 2357 Christi
1120 2307 1160 2356 cet
1168 2317 1284 2368 coarrr,

122 2386 244 2457 origenis
256 2403 336 2453 rnen,
347 2403 364 2440 a
374 2403 426 2456 quo
438 2386 471 2438 ad
483 2387 538 2440 eius
551 2387 663 2451 obitum,
680 2388 725 2458 qui
739 2403 807 2441 anno
818 2385 915 2440 Christi
927 2403 1014 2442 curru.
1028 2389 1132 2452 accidit,
1149 2389 1212 2442 enni
1223 2395 1285 2442 snut

121 2489 176 2527 non
187 2473 275 2544 plnres
284 2489 359 2527 uarrr.
376 2473 496 2526 Meminit
504 2471 580 2526 huius
590 2471 718 2526 monndse
726 2473 755 2526 in
762 2473 937 2526 Palaestinam
948 2470 1116 2543 protectionis
1126 2473 1196 2526 idem
1204 2473 1284 2528 Euse-

121 2559 181 2612 bius
193 2559 221 2612 in
233 2557 354 2612 chronico
367 2557 400 2611 ad
411 2573 510 2611 annum
521 2558 646 2612 Antonini
658 2575 694 2613 rr.
718 2558 815 2612 Verum
827 2556 947 2610 antehoc
960 2563 1076 2628 tempus,
1092 2557 1211 2612 hortante
1222 2559 1283 2612 Am·

121 2643 222 2708 medo,
234 2643 434 2698 commentarios
446 2643 474 2696 iu
483 2659 583 2697 sacram
593 2643 746 2713 scripturam
756 2644 933 2706 elucubrasse,
944 2642 1022 2712 idque
1031 2643 1125 2712 partim
1134 2641 1283 2708 Caesareae,

121 2730 218 2799 partim
230 2729 293 2782 alibi
304 2729 410 2794 iecisse,
420 2745 474 2782 nou
486 2729 594 2782 obscure
606 2727 738 2797 significat
748 2727 877 2780 Eusebius
890 2743 947 2797 cap.
956 2744 1019 2780 rvrr.
1054 2725 1105 2780 Ubi
1116 2727 1207 2780 eodem
1218 2733 1283 2781 tem-

121 2831 198 2885 pore,
209 2831 261 2885 quo
273 2820 362 2868 autore
372 2815 509 2868 Ambrosio
518 2815 545 2866 in
557 2812 754 2870 commentando
764 2817 820 2865 erat
830 2817 983 2882 occupatus,
994 2811 1199 2882 proficiscentem
1210 2813 1284 2867 illum

121 2900 149 2953 in
162 2899 300 2954 Graeciam
310 2905 400 2954 ucrret
411 2899 550 2954 Caesarem
562 2898 708 2952 ordinatum
719 2913 776 2950 esse
787 2897 975 2968 presbyterum.
998 2895 1125 2961 Quocirca
1137 2899 1233 2952 laisum
1244 2905 1285 2952 eet

123 2983 263 3056 origenem
274 2990 343 3039 totos
355 3002 440 3039 rrum
452 2999 533 3038 anuos
542 2984 604 3052 Tyri
616 2982 776 3048 consedisse,
791 2983 879 3052 ibique
895 2983 1138 3036 commentariorum
1150 2984 1283 3054 ingentem

122 3071 196 3124 illam
206 3071 303 3124 molem
315 3069 433 3124 edidisse.
467 3069 522 3123 Eoo
534 3069 604 3122 enim
616 3069 801 3134 Alexandriae,
814 3067 968 3134 Caesareae,
981 3067 1087 3122 Athenis
1100 3068 1207 3122 dirersis
1219 3077 1283 3123 tem-

122 3157 230 3227 poribus
247 3156 313 3226 egit‚
330 3156 370 3208 uti
386 3171 441 3225 cap.
451 3171 525 3207 xrnr.
537 3154 626 3207 scribit
640 3153 776 3208 Eusebius.
810 3154 848 3207 De
860 3155 937 3224 Tyrio
955 3169 1059 3208 secessu
1074 3155 1147 3207 nulla
1164 3161 1205 3208 est
1216 3155 1284 3226 apud

122 3240 266 3296 Eusebium
277 3239 347 3310 quod
357 3241 439 3294 sciam
450 3239 556 3293 mentio.
573 3239 677 3292 llieron.
690 3239 817 3292 dunuxat
828 3239 910 3310 Epist.
920 3257 962 3294 nv.
976 3239 1007 3293 de
1017 3239 1155 3294 Erroribus
1168 3239 1238 3310 Orig.
1250 3239 1283 3293 ud

123 3325 223 3382 Parum.
247 3325 362 3390 Crotum,
379 3325 476 3396 inquit,
493 3327 666 3394 quadruplata
682 3330 746 3377 unse
755 3342 838 3394 prope
852 3333 920 3387 suut,
937 3342 968 3376 eo
981 3341 1026 3393 pao
1041 3324 1161 3392 Oripeucs
1172 3333 1282 3380 messus

124 3421 160 3464 set
173 3411 251 3480 Tprs's
262 3410 332 3482 quod
344 3411 413 3464 idem
423 3411 451 3464 in
464 3409 589 3479 Catalogo
601 3409 693 3480 Script.
705 3409 773 3462 Eccl.
786 3413 978 3463 commemorat.
998 3410 1142 3463 Verisimile
1154 3416 1193 3464 est
1203 3409 1284 3481 igitur

123 3495 277 3568 Origmem,
293 3511 355 3550 cunr
370 3496 399 3549 iu
410 3495 482 3550 Decii
497 3496 675 3566 persecutione
693 3493 786 3548 affecta
801 3494 854 3547 iam
866 3499 950 3548 aetate
961 3493 1051 3564 lapsus
1063 3500 1145 3560 esset,
1156 3496 1184 3548 in
1195 3493 1283 3550 Palua-

122 3583 220 3638 sunum
230 3582 370 3636 recessisse
382 3597 413 3634 ac
424 3580 486 3650 'lysi
497 3586 628 3634 munuum
640 3597 705 3636 esee.

190 3665 222 3721 N.
231 3685 271 3722 m.
289 3663 365 3720 'Oica
374 3665 403 3718 sb
415 3667 513 3736 πρῶτον
526 3665 601 3717 αὑτοῦ
613 3663 752 3736 despuitis]
777 3666 839 3736 Agit
850 3665 881 3718 de
892 3664 932 3718 his
944 3664 1063 3736 Origenis
1075 3665 1230 3719 editionibus
1241 3681 1282 3718 ac·

122 3753 288 3807 curatissime
299 3753 366 3806 libro
378 3751 409 3804 de
420 3750 501 3805 Pond.
514 3757 541 3804 et
550 3751 642 3816 hiena,
660 3751 705 3804 ubi
716 3765 782 3820 quae
794 3750 895 3820 Exaple
906 3757 932 3804 et
943 3749 1051 3820 Octapla
1061 3749 1158 3804 inerint
1168 3751 1282 3820 exponit

122 3838 188 3894 Vide
199 3853 268 3910 qnae
280 3838 313 3891 ad
324 3853 351 3891 n.
359 3855 414 3892 rrr.
426 3835 521 3890 ibidem
535 3836 711 3890 observamus.

190 3923 223 3978 N.
232 3941 289 3980 vrrr.
311 3921 354 3984 Ὦς
365 3919 413 3993 γάρ
425 3939 484 3982 τινες
495 3920 558 3992 ἡμᾶς
571 3921 720 3990 βούλονται]
754 3919 885 3984 Quantum
901 3919 965 3974 haec
978 3921 1106 3976 uocabula
1122 3921 1172 3975 duo
1184 3919 1283 3990 γενητὸν
1308 3951 1329 3992 9,
1339 3939 1384 3986 ιω,

122 4017 149 4063 ct
159 4007 276 4080 γεννητὸν
288 4007 417 4062 scribendi
427 4005 667 4078 pronuntiandique
675 4005 800 4058 affinitate
809 4007 948 4060 coniuncta
956 4011 1030 4070 sunt,
1042 4011 1144 4060 tantum
1153 4005 1283 4076 signitica-

121 4096 203 4150 tionis
215 4111 265 4148 usu
277 4109 308 4148 ao
318 4094 475 4164 proprietate
486 4093 591 4147 distant.
627 4091 680 4144 Nec
692 4099 732 4144 cst
742 4091 796 4144 ulla
807 4107 872 4156 ror,
888 4091 916 4144 in
928 4105 980 4161 qua
991 4091 1135 4144 uberiorem
1146 4090 1283 4148 caribaudi

123 4187 151 4234 et
160 4179 336 4235 calumniandi
347 4179 484 4232 materiam
495 4177 566 4231 nacti
576 4177 630 4229 sint
637 4176 739 4241 Ariani,
750 4181 781 4229 ut
791 4193 824 4229 ex
833 4177 1025 4230 Anomaeorum
1032 4175 1133 4230 haeresi
1143 4176 1212 4230 inira
1223 4193 1282 4230 cou-

122 4267 212 4321 subit
234 4263 303 4318 Nam
313 4262 412 4335 γινητὶς
418 4268 520 4333 sactum
531 4261 675 4332 significat,
691 4261 759 4331 quod
770 4265 913 4316 creatarum
924 4279 1010 4315 rerum
1020 4262 1153 4333 proprium
1164 4269 1215 4326 est,
1227 4279 1280 4332 γεν-

123 4351 198 4416 ητὸν
209 4365 271 4404 raro
282 4355 391 4418 perimas
402 4354 454 4412 est,
466 4348 536 4417 quod
546 4347 601 4401 lilio
613 4345 740 4401 catholica
750 4349 844 4401 verius
856 4347 953 4402 tribuit.

191 4435 224 4490 tl.
236 4453 284 4490 arr.
301 4435 358 4488 Tou
370 4433 509 4505 Ὠριγίνους
521 4429 663 4502 'Eutropii
686 4432 734 4486 liic
745 4439 786 4486 est
794 4431 941 4487 Methodius
952 4433 996 4486 ille
1008 4431 1110 4504 Olympi
1121 4432 1227 4502 Lyciae,
1239 4433 1282 4488 de·

122 4521 185 4575 iude
195 4519 260 4591 Tyri
276 4522 424 4592 episcopus,
440 4519 488 4589 qui
504 4519 571 4572 iuter
587 4523 690 4572 casim
706 4517 737 4571 de
748 4517 944 4572 Resurrem'oue
961 4524 1050 4572 centn
1062 4517 1200 4589 Origeueuu
1217 4535 1281 4588 opus

123 4607 230 4678 ecdpcit
240 4607 378 4672 eximium,
394 4610 420 4658 et
436 4603 469 4657 ad
485 4610 631 4658 extremum
642 4603 799 4660 norhaimae
811 4603 1009 4674 persecutionis,
1026 4602 1094 4668 sire,
1109 4610 1139 4658 ut
1153 4604 1198 4658 alii
1212 4602 1280 4658 effis-

1039 4705 1079 4759 P.
