3166 5044
280 289 370 347 XXIV

280 443 346 516 παρὰ
360 445 418 507 τοὺς
432 444 568 518 Ἐβραίους.
601 445 669 502 Nam
685 453 713 502 et
726 446 904 502 Damascum
921 447 987 504 libro
1000 447 1032 502 de
1042 447 1210 513 Haeresibue‚
1227 447 1272 518 qui
1289 446 1353 502 nihii
1364 447 1435 504 aliud

280 537 319 586 est
331 547 410 602 qnam
421 531 559 604 Epiphanii
569 532 818 604 Anaoepbalaeosis,
829 535 919 604 paucis
931 534 1059 605 ademptis
1070 540 1116 588 ant
1126 534 1281 599 immutatis,
1298 534 1336 586 ita
1351 539 1381 588 ut
1391 550 1435 588 sn·

193 638 215 678 n·
223 623 256 679 Ξα,
278 633 326 690 pra
336 620 533 690 proposuimus,
545 619 693 689 exscripsit;
705 620 765 672 lieet
776 619 880 684 vitiose,
898 624 928 672 ut
938 619 1100 686 monuimus,
1114 620 1244 672 ledonensi
1253 635 1301 690 pro
1314 619 1435 674 διὸιιαοιο

277 705 405 774 legantur.
433 705 606 768 Quamobrem
626 704 695 774 qnod
713 705 871 759 Essenmuru
889 705 1037 758 institutum
1056 705 1134 760 inerit
1152 722 1186 758 ex
1202 722 1234 758 eo
1248 705 1306 760 loco
1324 710 1434 769 consta,

278 806 371 861 nempe
386 797 416 844 ut
427 807 455 842 se
466 791 494 844 in
509 795 645 862 utramque
662 795 762 860 partam
772 797 904 844 vmsautes
916 791 950 844 ad
961 792 1098 846 amborum
1109 807 1193 846 mores
1210 790 1435 847 consuetudinem·

279 893 329 946 que
340 876 474 946 lingerent
509 875 568 930 ldeo
583 874 727 930 Gorthsnos
735 877 810 936 ,solos
822 892 852 930 ac
863 875 1001 930 Dositheos
1017 893 1077 930 cum
1089 876 1216 932 Sebuaeis
1232 877 1376 930 simultates
1387 893 1439 933 ex·.

278 978 363 1016 eruere
374 962 447 1018 dixit
481 961 579 1026 Quibus
591 961 777 1016 animadversis
788 963 825 1016 ita
835 963 908 1016 locus
924 963 974 1015 iste
986 962 1185 1016 conformandus
1196 960 1260 1014 mibi
1270 961 1383 1016 ridetur:
1396 960 1434 1014 Οὐ

279 1045 326 1118 μὴν
343 1045 484 1114 ἐπείσθησαν
496 1051 546 1110 τοῖς
558 1047 697 1116 Σεβσυαῑοις
708 1046 838 1117 Γσρθηνοὶ,
851 1046 891 1100 καὶ
903 1045 925 1099 ni
938 1044 1017 1103 ἄλλοι.
1038 1046 1152 1114 Ἐσσηνοὶ
1165 1047 1191 1100 δὲ
1203 1045 1275 1117 ἐγγὺς
1288 1049 1337 1100 τῶν
1349 1043 1435 1100 alana

279 1135 399 1204 γινόμενοι
409 1132 440 1186 τὰ
448 1132 491 1186 ἴσα
505 1130 601 1194 ἐκείνοις
612 1130 765 1207 πράττουσιν.
794 1131 844 1187 Ubi
860 1135 909 1185 τῶν
922 1129 1004 1184 ἄλλων
1021 1133 1091 1187 idem
1101 1140 1143 1187 est
1159 1139 1237 1203 atque
1248 1130 1382 1202 ἑκατέροιν,
1396 1135 1434 1186 ol-

279 1228 435 1272 terntrorom.
463 1218 599 1275 Caeterum
615 1217 804 1273 Gortbenorurn
819 1220 975 1272 vocabulum
990 1220 1062 1272 raris
1076 1219 1143 1272 solet
1159 1219 1278 1289 exprimi
1307 1217 1375 1272 Nam
1387 1223 1436 1272 aut

278 1303 395 1374 Γορθηνοὶ
406 1304 539 1369 dicuntur,
549 1309 595 1358 aut
605 1303 755 1376 Paptorqsel.
789 1304 820 1358 In
829 1303 1049 1375 Anacapbslaeosi
1059 1303 1206 1374 Γοροθηνοι,
1217 1303 1341 1358 mendose
1353 1309 1383 1357 ut
1393 1321 1434 1358 ar·

278 1389 369 1454 bitror;
381 1395 411 1444 ut
421 1395 447 1443 st
456 1391 526 1460 apud
536 1389 675 1444 Eusebium
687 1388 826 1460 lepiqoeol
837 1391 870 1444 ab
882 1395 972 1444 autore
984 1390 1029 1460 qui
1038 1389 1155 1460 Γορθαῖος
1171 1390 1322 1461 appellatur.
1349 1388 1434 1454 Quare

279 1475 420 1545 lupiasqsol
432 1476 527 1528 rectius
536 1475 635 1529 videtur
647 1475 787 1545 Scaligero.

345 1561 391 1612 Καὶ
402 1561 508 1626 νηστείας
520 1563 561 1626 τῆς
573 1558 631 1630 παρ’
644 1559 746 1628 αὐτοῖο]
767 1561 952 1633 Expiaiicnum
963 1561 1070 1628 losum,
1087 1561 1142 1615 sive
1153 1559 1291 1632 Kippurim
1302 1559 1434 1632 intelligit,

280 1646 349 1716 quod
361 1665 385 1701 x.
398 1646 465 1700 'lissi
477 1647 648 1702 celebrabant.

347 1730 377 1785 Oi
390 1731 416 1784 ct
428 1728 500 1784 ἄλλοι
512 1731 560 1802 οὐχ
569 1731 635 1786 οὖτοι
647 1735 767 1801 ποιοῦσιν]
779 1729 868 1786 Ἄλλοι
879 1733 973 1787 debant
984 1731 1182 1802 οεεοΣιβοοαῑοι,
1195 1731 1434 1799 σοάιοιἚσσηνσῖς

278 1817 433 1883 inducenda,
450 1823 495 1871 aut
510 1814 566 1870 ἀλλ’
581 1815 708 1884 Ἐσσηνοῖς
723 1819 900 1883 scribendum
917 1819 979 1888 quia
993 1834 1181 1889 nonnunquam
1198 1818 1290 1872 Esseni
1305 1835 1366 1872 cum
1380 1819 1433 1872 illis

278 1902 378 1956 Pascha
388 1904 524 1958 celebrant
536 1903 633 1958 Verum
643 1920 701 1957 ecoe
713 1904 744 1957 de
755 1904 953 1976 Essenissupra
962 1904 1032 1959 haer.
1043 1904 1078 1958 X
1091 1905 1206 1974 scripsit:
1220 1901 1338 1974 daipertus
1350 1901 1397 1974 γὰρ
1410 1902 1433 1956 oi

279 1985 393 2054 Ἐσσηνοὶ
404 1993 432 2059 τῇ
450 1988 534 2059 πρώτῃ
547 1986 633 2059 ἀγωγῇ
651 1987 725 2058 μηδὲν
742 1987 962 2059 ὑπερβαλλόμενοι,
974 1995 1002 2042 ιἰι
1012 1994 1102 2060 priore
1114 1994 1223 2043 instituto
1230 1999 1434 2060 permanserunt,

279 2075 427 2125 saltatore
439 2075 658 2142 transq-redientes.
681 2074 728 2127 llic
740 2079 827 2128 autem
845 2081 871 2128 et
881 2075 909 2128 in
920 2074 1139 2146 anacephalaeosi
1150 2076 1303 2146 plerumque
1315 2091 1375 2128 cum
1386 2075 1433 2129 Se·

278 2159 368 2211 buccis
379 2158 446 2212 leste
455 2163 619 2230 praepostere
631 2159 768 2212 celebrant.
783 2159 836 2221 Quo
849 2169 944 2212 teneam
955 2163 1047 2212 voltum
1055 2171 1189 2214 moerentem
1198 2162 1291 2213 Protea
1300 2163 1381 2214 nodo!
1392 2161 1433 2214 An
1514 2197 1522 2211 .

279 2245 329 2297 dno
346 2249 408 2297 sunt
418 2243 574 2298 Essenornm
590 2261 699 2316 genera,
715 2250 745 2298 ut
755 2244 870 2299 Serrario
886 2246 984 2316 placuit
1000 2247 1154 2300 reclamante
1166 2247 1316 2316 Scaligerol
1339 2242 1374 2299 Ut
1389 2247 1434 2300 alii

279 2347 338 2383 cum
350 2329 487 2395 Sebuaeis,
504 2331 548 2384 alii
563 2347 623 2384 oum
636 2329 772 2384 (iorthenis
784 2337 811 2384 et
821 2331 951 2385 Dosithsis
962 2332 1116 2397 habitarint,
1133 2337 1259 2386 eteorum
1276 2332 1433 2402 quibuscum

279 2416 403 2485 degerent
413 2415 477 2468 ritus
488 2417 516 2468 in
528 2416 652 2470 obeundis
664 2417 791 2470 duntaxat
798 2418 947 2471 solennibus
956 2418 1126 2472 imitarentur.
1148 2416 1222 2481 Quod
1232 2417 1335 2488 quidem
1346 2417 1433 2472 studio

278 2499 350 2572 pacis
367 2517 397 2554 ac
408 2501 557 2555 concordiae
568 2501 680 2556 Essenos
696 2503 855 2573 praestitisse
870 2501 962 2558 horum
978 2504 1115 2575 disciplina
1124 2503 1273 2575 persuadet,
1289 2518 1357 2574 quae
1368 2502 1433 2560 nihil

279 2587 332 2641 otio
344 2601 374 2641 ac
386 2587 470 2659 quiete
482 2587 612 2659 antiquius
624 2586 722 2644 habuit.

562 2742 608 2797 Al)
625 2731 792 2798 Haluntini
809 2743 880 2798 XllI.
897 2742 1146 2800 nosITrlnoaUlu

345 2843 455 2897 Δοσίθεοι
470 2844 497 2898 δὲ
513 2846 606 2906 τούτοις
623 2845 784 2918 διαφέρονται]
813 2847 898 2918 Supra
913 2846 1050 2900 Dositheos
1067 2863 1084 2900 a
1098 2845 1278 2901 communibus
1289 2845 1431 2902 Samarita-

278 2947 371 2985 norum
379 2931 444 2984 odiis
453 2947 482 2984 eo
491 2933 696 2986 contentionibus
705 2933 823 3003 excipere
830 2933 903 2986 visus
912 2939 964 2986 est:
978 2932 1041 3000 πλὴν
1050 2935 1099 2984 τῶν
1109 2931 1230 2984 domitos
1240 2933 1323 3002 μόνον.
1335 2933 1432 2988 Verum

224 3029 227 3040 ’
279 3017 421 3070 coronarias
442 3033 475 3068 ex
491 3015 540 3070 hoc
559 3018 615 3072 loco
633 3034 724 3071 senens
740 3019 915 3089 superioribus
934 3019 985 3072 illis
1002 3017 1178 3072 attribuendus
1195 3023 1246 3071 est:
1267 3019 1390 3074 nimbum
1405 3018 1431 3072 tu

279 3101 366 3172 βραχῇ
377 3101 416 3154 καὶ
428 3097 452 3152 ἔν
463 3117 508 3152 τινι
519 3104 615 3167 ποσῶς,
637 3105 727 3173 paucis
745 3121 775 3156 eo
790 3105 927 3158 levissimis
943 3105 970 3158 in
982 3105 1058 3158 rebus
1071 3103 1292 3158 Samaritanorum
1302 3104 1431 3163 factiones

279 3203 295 3238 a
306 3203 334 3238 se
345 3187 455 3240 invicem
466 3185 611 3252 dissentire,
627 3195 728 3258 praeter
739 3189 887 3256 Dositheou,
902 3207 956 3244 non
968 3191 1012 3260 qui
1023 3189 1087 3243 nihil
1098 3206 1116 3242 a
1126 3190 1234 3243 caeteris
1246 3189 1431 3262 discreparent,

279 3271 324 3324 sed
336 3273 380 3341 qui
390 3289 443 3325 non
453 3271 555 3338 leviter,
570 3273 659 3342 atilli,
676 3275 722 3327 sed
736 3277 888 3344 gravissime
901 3275 1059 3330 dissiderent.
1089 3273 1206 3328 Dositlrei
1216 3291 1292 3345 porro
1303 3281 1358 3329 tarn
1369 3282 1432 3332 anta

279 3355 421 3420 Christum,
434 3373 512 3426 quam
528 3363 588 3428 post
598 3375 658 3412 eum
669 3361 813 3430 complures
825 3362 977 3425 extiterunt3
989 3366 1015 3414 et
1025 3361 1208 3414 nonnullorum
1218 3361 1287 3430 apud
1298 3361 1430 3416 Hebraeos

278 3443 384 3496 mentio
402 3441 469 3496 Nem
480 3447 605 3507 *sinoti
617 3443 725 3498 Dosthni
736 3451 775 3499 est
783 3445 929 3512 Dositheus,
941 3446 1010 3516 quod
1020 3446 1116 3500 frustra
1126 3451 1252 3516 negatum
1262 3446 1429 3519 aScaligero.

278 3528 313 3583 At
328 3529 355 3580 in
366 3543 420 3598 cap.
434 3545 471 3582 ιιι.
483 3528 557 3582 Pirlre
568 3529 653 3583 Abotlr
666 3531 793 3602 quoddam
804 3532 910 3586 Dosthai
920 3532 993 3586 lanai
1004 3532 1031 3588 l'.
1043 3533 1140 3586 dietum
1151 3537 1318 3598 memoratur,
1330 3535 1399 3604 qood
1411 3551 1431 3588 a

278 3613 309 3668 R.
320 3614 386 3666 lleir
397 3613 524 3668 didicerat
545 3615 595 3668 Sed
606 3616 628 3668 is
640 3615 733 3670 abhoc
745 3623 832 3671 nostro
843 3618 958 3671 direrms
970 3624 1016 3673 est.
1036 3617 1258 3682 Quemadmodum
1267 3623 1294 3670 et
1301 3621 1366 3673 alter
1374 3621 1428 3686 ille,

278 3700 352 3754 ouius
363 3700 498 3770 aliquoties
517 3699 639 3770 Origenes
650 3703 769 3756 meminit
789 3719 900 3774 eumque
915 3704 1105 3758 Samaritanum
1123 3704 1234 3774 appellat
1250 3703 1296 3758 lib.
1313 3703 1357 3758 1v.
1375 3705 1430 3775 aspi

278 3783 376 3856 Ἀρχῶν
387 3801 443 3856 cap.
457 3803 493 3850 ιι,
504 3801 551 3839 neo
561 3803 614 3840 non
625 3791 651 3839 et
661 3788 719 3840 aliis
730 3789 758 3841 in
768 3789 845 3853 loeis,
856 3791 991 3860 praecipue
1003 3795 1092 3844 eontra
1103 3789 1208 3843 Gelsnm
1217 3789 1263 3843 lib.
1274 3805 1302 3844 ιι.
1331 3789 1429 3846 Verum

278 3871 406 3941 antiquior
418 3875 457 3924 est
468 3870 659 3942 lipiphanianua
671 3873 733 3938 ista,
748 3889 826 3944 aquo
838 3875 1001 3929 Sadducaeos
1012 3880 1168 3946 propagatos
1181 3890 1238 3928 esse
1249 3887 1313 3928 mox
1323 3875 1428 3942 indicat,

279 3957 438 4026 quiquidem
450 3955 639 4012 cincinnum
649 3959 793 4012 antecessit.
821 3957 858 4012 De
869 3960 992 4016 Dositheo
1004 3967 1031 4014 et
1041 3961 1206 4014 Dositheanis
1216 3961 1276 4030 lego
1292 3975 1359 4031 quae
1370 3977 1428 4016 eru·

279 4039 330 4094 dite
341 4041 470 4096 Serrarius
481 4049 569 4097 noster
579 4044 606 4096 in
615 4045 751 4098 Minervali
761 4045 873 4116 disputat
883 4047 926 4100 lib.
937 4046 980 4102 lV.
993 4063 1048 4118 cap.
1058 4065 1083 4112 x,
1095 4066 1123 4101 τι
1135 4053 1161 4100 et
1172 4065 1218 4100 ιιι.

248 4173 254 4188 ,
345 4124 545 4199 Ἐγιιρατιύονται
556 4125 604 4181 αἰπὺ
617 4127 703 4200 γάμων
715 4126 775 4200 μετὰ
786 4130 814 4182 rb
828 4130 931 4204 βιῶσαι.)
949 4132 1037 4186 Potest
1046 4132 1110 4186 illud
1119 4128 1179 4203 μετὰ
1191 4131 1220 4183 rb
1231 4131 1317 4200 βιῶσαι
1326 4130 1427 4187 duobus

279 4211 362 4264 modia
373 4213 468 4284 accipi;
480 4216 615 4286 utrobique
627 4212 789 4276 ἐλλειπτιιῶς.
818 4217 890 4271 Alter
900 4224 930 4272 ut
941 4215 965 4270 ts
976 4222 1012 4288 τῷ
1025 4215 1099 4289 γάρῳ
1111 4217 1293 4283 subaudiatur,
1304 4219 1382 4284 alter,
1397 4225 1428 4274 ut

279 4297 312 4350 ad
323 4299 425 4366 γυναῖκα
436 4301 569 4368 pertineat
603 4299 677 4354 Prior
692 4302 867 4372 interpretatio
885 4303 1025 4374 simplicior
1041 4309 1093 4370 est,
1108 4319 1218 4374 eamque
1229 4302 1368 4358 Carnarius
1385 4321 1426 4360 se.-

279 4387 353 4435 outne
365 4387 412 4436 est.
440 4381 469 4436 ln
481 4385 561 4438 altera
576 4385 605 4437 rb
618 4386 704 4455 βιῶσαι
715 4386 783 4440 idern
795 4392 835 4440 est
846 4403 875 4440 ao
891 4398 1012 4442 ιαοσιιιιισι
1023 4407 1088 4454 esse,
1103 4396 1134 4442 ut
1149 4388 1217 4460 apud
1231 4388 1337 4442 Latinos
1354 4394 1426 4454 osuit,

280 4467 380 4536 βεβίωκε
391 4467 459 4538 apud
469 4467 597 4526 Plutarch.
608 4473 636 4526 in
648 4471 777 4528 Cicerone.
795 4472 848 4528 Nos
859 4479 995 4544 utramque
1006 4491 1065 4530 cum
1076 4475 1287 4545 agnovissemus,
1300 4477 1426 4545 posterior

278 4553 307 4608 iu
318 4559 467 4610 contextum
480 4561 591 4627 recepta.
