3104 5038
294 319 473 378 onemo]

359 475 391 530 N.
401 493 442 532 rrr.
467 433 585 548 Καβαρώς
597 476 640 544 τὴν
651 481 695 532 τοῦ
707 475 732 540 lt
743 475 895 549 dumphen]
919 477 983 548 Lag.
995 475 1027 540 τίς
1038 475 1082 545 rip
1093 481 1146 531 τοῦ.

360 561 390 616 N.
403 581 427 616 v.
451 560 494 622 Ὧς
508 559 521 614 ὃ
534 561 639 624 τιτοαὼς
651 562 740 632 βόλους
757 564 869 635 δρόσου]
900 561 1033 627 Quasdam
1050 564 1210 634 exemplaria
1226 579 1272 634 pro
1291 563 1382 633 βόλους
1398 579 1452 634 par·

291 663 381 720 peram
394 646 489 717 βώλους
501 647 637 714 exhibent,
654 648 703 702 hoc
714 653 755 702 sat
764 650 861 716 pictos.
897 649 965 702 Nam
977 649 1102 702 Hebraico
1114 650 1239 720 scriptum
1251 655 1291 702 est
1307 619 1358 722 bu
1375 621 1451 722 *butt

291 735 376 788 ατίίίω
386 738 463 786 νοτία.
485 732 560 804 Apud
571 733 752 788 Nanannennm
765 733 836 788 Orat.
846 751 936 788 xxxiv.
949 734 1017 787 circa
1032 733 1113 788 finem
1128 735 1256 804 interpres
1270 735 1360 803 plebea
1371 735 1452 799 vernt,

292 821 367 890 quasi
379 818 474 888 βώλους
486 817 653 889 exscripserit
663 818 842 872 Naaanaenus.
864 820 945 890 Atqui
956 835 1009 874 non
1021 819 1099 872 modo
1111 821 1139 872 in
1150 820 1266 884 excusis,
1278 819 1325 872 sed
1336 820 1416 873 edam
1428 819 1453 872 in

291 905 469 958 vetustissimo
481 904 544 976 Reg.
558 903 646 973 βόλους
658 904 727 975 apud
738 903 859 970 Narona,
875 921 929 958 non
944 904 1053 974 βώλους,
1070 911 1151 958 extat.
1186 903 1329 975 Gregorius
1340 905 1453 974 llagnna

290 991 335 1044 lib.
343 1007 414 1044 xxru.
424 989 515 1044 hiersl.
525 1005 631 1060 cava.
642 991 730 1042 stallos
737 995 806 1043 νοήο
816 991 913 1060 legisse
924 989 1032 1055 videtur,
1044 990 1113 1060 quod
1125 990 1279 1044 mendosum
1290 997 1340 1045 est.
1358 989 1453 1044 Genua

291 1075 382 1130 neem.
392 1093 464 1140 xum,
478 1075 516 1128 10.
530 1073 605 1144 βόλος
617 1074 686 1146 apud
698 1093 759 1129 nxx.
771 1077 900 1141 scribitur,
912 1076 957 1129 ubi
969 1073 1051 1144 βῶλος
1063 1076 1271 1130 substituendum
1283 1075 1327 1128 aba
1335 1079 1375 1145 τῷ
1385 1075 1452 1145 βόλῳ

291 1165 333 1229 τῆς
345 1158 464 1226 ἀνατολῆς
476 1159 549 1226 alric
562 1159 741 1230 ξηρανθήοιται.
771 1161 875 1214 Hieron.
887 1177 921 1214 ex
933 1177 994 1214 nxx.
1007 1179 1063 1214 cnm
1073 1163 1149 1229 plebe
1159 1165 1282 1229 perminis
1292 1165 1335 1213 arai
1345 1169 1452 1223 ονοαοοί,

291 1247 361 1318 quod
370 1245 579 1300 etthesiorum
589 1246 718 1315 agnosmt.
734 1246 839 1300 Rectius
851 1245 930 1300 aditio
941 1253 1041 1300 nostras
1054 1251 1081 1299 a'n
1091 1250 1340 1315 numerosissimus*
1348 1256 1452 1298 ernest

291 1331 359 1386 Nam
370 1332 497 1385 liebraice
513 1337 553 1384 est
568 1336 690 1396 nsaw,
706 1331 732 1384 id
749 1337 789 1384 est
806 1350 878 1386 areu
901 1331 981 1402 Atqui
992 1333 1114 1385 mhcnlus
1127 1333 1182 1402 ipsa
1194 1333 1332 1386 muculini
1343 1331 1453 1402 generis,

292 1419 338 1488 qui
349 1419 427 1470 etiam
439 1416 508 1487 apud
519 1415 707 1470 Theodoretum
721 1415 798 1486 βώλῳ
810 1416 970 1488 praeligitur,
989 1415 1059 1488 βόλῳ
1076 1418 1211 1489 scripsisse
1228 1435 1290 1472 cxx.
1301 1417 1452 1488 interpretes

293 1504 460 1556 demonstrat

360 1587 391 1643 N.
405 1605 430 1640 x.
448 1586 494 1638 Καὶ
505 1585 559 1647 ιίτις
571 1592 600 1658 τῇ
612 1587 706 1657 σοφίᾳ]
729 1587 879 1658 Sequuntur
889 1587 1112 1653 anathematismi,
1122 1589 1258 1659 paululum
1269 1587 1303 1641 ab
1315 1589 1348 1642 iis
1360 1587 1453 1641 diversi

292 1689 358 1746 quos
370 1689 404 1726 ex
415 1672 507 1726 eadem
519 1672 739 1727 Semiarianornm
751 1674 851 1742 synodo
862 1675 954 1727 recitat
964 1674 1086 1728 Hilarius.

359 1757 391 1812 N.
404 1777 441 1814 ιτ.
465 1755 511 1809 ίίαί
523 1757 588 1819 εἴτις
600 1756 696 1820 ticonio
713 1758 753 1810 καί
771 1759 861 1829 οὐσία]
895 1759 1045 1813 Postremus
1066 1759 1108 1812 hic
1129 1759 1364 1814 anathematismus
1386 1759 1453 1829 apud

291 1845 418 1900 Hilarium
429 1859 483 1898 non
492 1850 630 1915 comparet,
642 1845 687 1914 qui
695 1845 752 1899 sine
760 1845 839 1898 dnbio
847 1844 992 1898 haereticus
1004 1850 1053 1909 est,
1065 1851 1194 1916 quatenus
1205 1845 1454 1899 consubstantialem

292 1947 350 1984 ease
361 1931 428 2000 patri
438 1929 522 1982 filium
533 1935 626 1999 negat,
642 1928 838 2001 honestusque
850 1928 991 2000 ipericius,
1008 1945 1093 2001 neque
1109 1931 1251 1983 ταυτοόονον
1267 1947 1340 1994 esse,
1357 1929 1453 1982 definit

292 2016 344 2070 Sed
355 2013 487 2085 όμοοόοιον
497 2023 634 2085 propterea
648 2015 777 2086 repudiari
793 2033 809 2068 a
826 2032 854 2069 ee
871 2015 981 2086 proiessi
998 2025 1060 2068 snut
1077 2015 1242 2081 hemiariani,
1254 2020 1315 2086 qaia
1323 2033 1375 2085 per
1386 2015 1455 2067 serbi

292 2102 367 2155 Ινυίυα
382 2103 582 2154 enunciationem
592 2101 734 2153 ανόιίοιιίία
742 2105 819 2170 prior
831 2103 1022 2170 inseiltperetar,
1038 2121 1113 2171 qaam
1130 2104 1178 2154 dno
1193 2106 1260 2153 inter
1274 2105 1409 2170 repartiri
1418 2119 1453 2152 ea·

291 2195 357 2250 sent,
375 2187 413 2238 sit
428 2185 549 2240 Hilarius.
571 2185 639 2238 Turn
656 2186 726 2256 qnod
739 2195 831 2255 patrea
847 2189 899 2251 ι’ίίί,
916 2191 961 2257 qni
975 2187 1083 2239 Ροαίυνι
1093 2187 1284 2240 summoturum
1299 2187 1453 2240 meum

288 2275 506 2344 pmnancinrnat,
526 2275 602 2322 enom
619 2270 762 2324 Ινονιουτίοο
778 2277 931 2338 νςίοοονυαί,
949 2277 1010 2342 qaia
1022 2291 1072 2342 per
1083 2272 1151 2324 hunc
1167 2275 1241 2324 anias
1253 2276 1378 2324 emelina
1393 2289 1453 2323 aaa·

293 2361 462 2426 esparlonem,
478 2357 621 2408 auditorium
635 2365 709 2425 utque
720 2361 819 2410 anicula
830 2357 881 2409 sibi
892 2375 944 2410 esse
954 2367 1054 2427 patrem
1066 2359 1179 2425 ctfiiiara
1186 2357 1372 2426 praedicabat.
1407 2357 1453 2409 Po·

292 2447 389 2496 strumo
401 2442 463 2512 quia
478 2455 576 2494 norum
593 2455 641 2494 neo
657 2441 684 2494 iu
701 2441 836 2512 scripturis
852 2449 1005 2513 usurpatum
1021 2441 1070 2495 hoc
1081 2443 1237 2496 vocabulum
1254 2447 1319 2498 erat.
1355 2441 1453 2506 Quibus

292 2528 414 2582 omnibus
426 2526 525 2580 erudite
535 2526 648 2579 Hilarius
659 2527 777 2580 occurrit
797 2528 894 2581 Verum
905 2543 965 2581 cnm
977 2528 1009 2580 de
1020 2543 1048 2580 re
1060 2529 1118 2598 ipsa
1129 2543 1189 2581 cnm
1200 2527 1335 2582 catholicis
1347 2543 1454 2580 censen

291 2615 339 2668 tire
350 2613 505 2677 viderentur,
523 2612 555 2664 de
571 2627 636 2665 vnce
652 2611 780 2666 duntaxat
797 2612 933 2678 dissidere,
950 2613 1092 2684 plurimum
1107 2629 1125 2666 a
1139 2615 1235 2667 sancho
1254 2613 1373 2683 patribus
1385 2629 1454 2666 corn·

291 2699 406 2753 mandati
421 2713 451 2752 ao
463 2715 511 2769 pre
527 2697 679 2752 orthodoxis
695 2697 882 2768 propemodum
899 2699 982 2768 agniti
992 2705 1068 2765 sunt,
1085 2705 1114 2751 nt
1130 2716 1164 2751 ex
1182 2699 1272 2752 eodem
1284 2699 1383 2752 Hilario
1395 2715 1455 2751 con·

292 2791 351 2839 stat.
376 2783 443 2848 Quin
459 2791 486 2838 at
496 2782 653 2836 Athanasius
668 2783 713 2838 lib.
727 2783 758 2836 de
776 2783 889 2853 Synodis
900 2785 981 2837 hrirn.
993 2789 1019 2836 et
1035 2783 1137 2840 Selene.
1157 2784 1188 2836 de
1204 2785 1256 2836 illis
1273 2785 1311 2836 ita
1328 2783 1454 2854 loquitur:

292 2868 393 2941 espirht
406 2869 462 2930 τοὺς
477 2865 674 2939 ἀποδεχομένους
690 2866 776 2938 τὰμὲν
794 2864 860 2920 ἄλλα
877 2865 958 2920 πάντα
973 2871 1023 2920 τῶν
1041 2867 1065 2920 ἐν
1083 2869 1171 2940 Ninaia
1188 2867 1339 2940 γραφόντων,
1358 2869 1412 2940 ampl
1429 2867 1456 2920 dl

293 2957 369 3026 μόνον
380 2955 409 3006 τί)
421 2953 553 3025 ὁμοοόοιον
565 2950 776 3024 ἄμφιβόλλοντας,
790 2952 823 3023 μὴ
835 2950 869 3014 ὡς
882 2953 943 3022 πρός
954 2950 1056 3024 ἐχθροὺς
1069 2953 1209 3007 διακεῖσθαι·
1222 2954 1321 3024 καὶγὰρ
1334 2955 1376 3007 aul
1387 2953 1454 3022 tpra
1545 3021 1546 3030 ¹

293 3039 339 3093 oda
350 3038 384 3100 ὡς
395 3039 456 3109 πρὸς
468 3037 659 3109 Ἀριιομανίτας,
678 3037 732 3090 οὐδ’
744 3037 778 3098 ὧς
791 3038 946 3109 μαχομίνους
958 3038 1020 3108 πρὸς
1033 3039 1089 3100 τοὺς
1100 3038 1206 3111 antipas
1218 3036 1374 3110 ἐνιστόμτθα,
1391 3033 1455 3092 illd

293 3123 328 3186 ὦς
339 3122 440 3194 ἆόιλφοί
448 3124 509 3195 πρός
518 3121 638 3193 ἀδελφοὺς
649 3122 820 3195 διαλεγόμεθα,
832 3122 876 3191 τὴν
888 3122 963 3192 αὐτὴν
975 3123 1018 3195 μίν
1030 3123 1089 3194 ἡμῖν
1102 3123 1208 3177 διάνοιαν
1224 3122 1340 3195 ἔχοντας,
1359 3125 1412 3196 rcupl
1428 3123 1456 3176 dl

293 3209 322 3262 rb
337 3205 417 3281 ὄνομα
431 3210 506 3279 μόνον
524 3205 680 3271 διστάζοντος
697 3215 762 3264 etc.'
780 3208 936 3280 Quanquam
952 3211 1069 3280 superior
1084 3209 1319 3264 anathematismus
1331 3211 1455 3264 Ατίιοαοι

292 3295 428 3368 perfidiam
438 3294 549 3360 redolet,
561 3311 621 3348 cum
632 3296 736 3360 assent,
747 3300 849 3365 patrem
860 3311 913 3348 non
925 3291 1021 3365 ἐξουσίᾳ
1032 3296 1131 3360 solnm,
1143 3295 1190 3348 scd
1201 3293 1284 3365 οὐσίᾳ,
1296 3295 1347 3348 tilii
1357 3301 1455 3366 pqtrarn

294 3397 363 3446 asos,
375 3380 444 3451 quod
456 3382 562 3434 omnino
573 3381 671 3434 falsum
682 3385 723 3434 est
734 3385 761 3433 et
771 3380 938 3434 haereticum.
972 3379 1063 3450 Neque
1073 3382 1144 3434 enim
1155 3388 1228 3451 pater
1239 3382 1267 3433 in
1278 3381 1378 3446 tilium,
1393 3395 1455 3450 qua-

293 3471 369 3520 tenns
381 3465 445 3519 deus
457 3471 497 3520 est
508 3471 534 3519 st
544 3466 578 3519 ab
590 3467 645 3520 eius
657 3463 729 3536 οὐσίᾳ
739 3466 867 3537 procedit,
879 3463 989 3526 ίξουοίαν
1000 3467 1094 3530 ullam
1111 3473 1157 3519 aut
1167 3471 1323 3536 potestatem
1336 3467 1444 3520 obtinet

361 3551 452 3606 Nara
475 3551 511 3603 Tb
528 3554 570 3618 τῆς
589 3551 672 3612 οὐσίας
690 3547 789 3621 ὄνομα]
822 3550 881 3604 Non
897 3551 1054 3604 mediocrem
1071 3549 1217 3620 Epiphanio
1233 3551 1354 3606 fraudem
1372 3551 1456 3606 ntulit

293 3637 392 3692 emissa
401 3637 429 3690 in
441 3635 490 3689 hoc
501 3636 558 3690 loco
571 3637 709 3690 alibrariis
719 3638 900 3707 interpunctio.
931 3635 997 3688 Nam
1011 3641 1072 3707 post
1082 3636 1241 3706 synodicam
1251 3637 1385 3706 Ancyram
1396 3653 1455 3690 eon·

208 3757 215 3772 .
261 3762 267 3774 .
292 3723 419 3787 ciliabnli,
431 3737 498 3792 quae
507 3721 540 3776 ab
548 3721 597 3775 hoc
609 3739 717 3775 numero
727 3722 848 3792 deinceps
857 3727 1008 3792 sequuntur,
1016 3727 1094 3791 prout
1101 3722 1181 3791 vulgo
1191 3727 1315 3791 concepta
1323 3721 1456 3783 lech'osst⁷

292 3807 429 3880 Epiphsuii
442 3823 499 3860 esse
507 3807 638 3871 ridentum
651 3823 698 3861 nse
710 3809 784 3860 aliter
796 3824 828 3860 ex
840 3807 945 3860 Graecis
957 3805 1100 3870 codicibus,
1112 3813 1166 3859 tam
1178 3807 1248 3876 typis
1258 3808 1366 3860 excusis
1378 3821 1455 3878 quam

293 3895 407 3964 scriptis,
419 3893 536 3962 adeoque
547 3908 581 3946 ex
590 3891 708 3946 Ceruarii
718 3893 928 3962 interpretatione
937 3893 1064 3962 suspicari
1076 3893 1169 3962 poesis.
1187 3891 1261 3955 Quod
1272 3907 1322 3944 uos
1334 3893 1386 3962 ipsi
1396 3907 1456 3944 cuna

292 3979 386 4033 Latina
397 3979 552 4032 crememus
563 3979 747 4048 expressimus.
783 3977 850 4042 Quid
861 3979 931 4032 euim
942 3983 999 4030 tum
1010 3977 1081 4031 aliud
1092 3992 1241 4047 possemus,
1257 3993 1317 4029 oum
1330 3977 1365 4030 ad
1378 3976 1456 4030 Grae·

293 4081 353 4118 enm
364 4069 516 4118 contextum
527 4063 633 4129 Latina,
650 4063 736 4133 quoad
747 4063 803 4117 fieri
814 4069 914 4134 potest,
929 4061 1151 4116 accommodanda
1161 4062 1225 4126 sint,
1242 4069 1270 4114 et
1285 4061 1310 4114 si
1325 4062 1387 4132 qnid
1401 4061 1456 4114 illio

293 4151 371 4220 paulo
380 4149 558 4203 vehementius
570 4148 739 4218 depravatum
750 4151 896 4213 occurrerit,
907 4149 935 4202 id
945 4149 973 4201 in
985 4153 1059 4202 noim
1071 4147 1261 4200 coniiciendum
1271 4147 1361 4217 potins
1369 4145 1455 4200 ridea-
1542 4135 1543 4164 ³

294 4241 336 4287 tur
353 4249 432 4304 quarn
448 4235 505 4288 sine
515 4240 633 4287 veterum
649 4233 786 4286 autoritate
802 4235 947 4288 communis
958 4234 986 4286 in
998 4238 1122 4286 contextu
1133 4233 1191 4303 ipso
1203 4231 1357 4285 solicitanda
1368 4231 1454 4286 lectio.

295 4317 360 4372 num
371 4317 421 4372 hoo
430 4319 510 4388 igitur
521 4319 548 4372 in
559 4319 655 4372 Latina
664 4323 754 4371 nostra
763 4319 946 4389 interpretioos
957 4319 1120 4372 retinendum
1128 4318 1315 4388 putaverimus,
1327 4317 1368 4370 hio
1375 4317 1456 4370 laeto-

294 4419 350 4457 rein
361 4404 509 4472 gravasimi
520 4409 546 4457 et
557 4419 573 4456 a
583 4404 655 4456 nullo
667 4403 840 4456 animadversi
850 4404 975 4458 hactenns
987 4405 1080 4458 enoris
1096 4403 1309 4467 admonebimus,
1326 4401 1454 4471 simulque
1541 4419 1542 4468 ,

293 4485 467 4558 Epiphanium
478 4495 596 4542 nostrum
607 4489 640 4542 ab
651 4489 750 4542 invidia
761 4489 833 4542 omni
843 4505 874 4542 ac
885 4491 978 4560 cnlpae
993 4489 1140 4560 suspicione
1155 4489 1332 4542 liberabimus.
1363 4485 1455 4556 Neque

296 4573 367 4628 enim
377 4571 492 4643 proiecte
501 4573 672 4630 dubitandum
683 4579 724 4628 est
734 4573 798 4644 quin
808 4575 833 4630 si
842 4575 1033 4646 husompserlt
1039 4572 1215 4646 Epiphanius,
1224 4571 1454 4636 tamisium
