<?xml version="1.0" encoding="UTF-8"?>
<!DOCTYPE html PUBLIC "-//W3C//DTD XHTML 1.0 Transitional//EN"
    "http://www.w3.org/TR/xhtml1/DTD/xhtml1-transitional.dtd">
<html xmlns="http://www.w3.org/1999/xhtml" xml:lang="en" lang="en">
 <head>
  <title>
</title>
<meta http-equiv="Content-Type" content="text/html;charset=utf-8" />
  <meta name='ocr-system' content='tesseract 3.04.00' />
  <meta name='ocr-capabilities' content='ocr_page ocr_carea ocr_par ocr_line ocrx_word'/>
</head>
<body>
  <div class='ocr_page' id='page_1' title='image "./corporishaerese05oehlgoog_0110.png"; bbox 0 0 3138 5044; ppageno 0'>
   <div class='ocr_carea' id='block_1_1' title="bbox 1172 325 1268 385">
    <p class='ocr_par' dir='ltr' id='par_1_1' title="bbox 1172 325 1268 385">
     <span class='ocr_line' id='line_1_1' title="bbox 1172 325 1268 385; baseline 0.01 -1"><span class='ocrx_word' id='word_1_1' title='bbox 1172 325 1268 385; x_wconf 82' lang='lat' dir='ltr'><strong>xevu</strong></span> 
     </span>
    </p>
   </div>
   <div class='ocr_carea' id='block_1_2' title="bbox 103 481 1436 4656">
    <p class='ocr_par' dir='ltr' id='par_1_2' title="bbox 103 481 1270 1068">
     <span class='ocr_line' id='line_1_2' title="bbox 106 481 1268 551; baseline -0.002 -12"><span class='ocrx_word' id='word_1_2' title='bbox 106 485 168 551; x_wconf 89' lang='lat' dir='ltr'><strong>erit,</strong></span> <span class='ocrx_word' id='word_1_3' title='bbox 180 483 243 540; x_wconf 85' lang='lat' dir='ltr'><strong>eolis</strong></span> <span class='ocrx_word' id='word_1_4' title='bbox 255 501 295 549; x_wconf 78' lang='lat'><strong>¹.,</strong></span> <span class='ocrx_word' id='word_1_5' title='bbox 307 485 385 538; x_wconf 86' lang='lat' dir='ltr'><strong>lunse</strong></span> <span class='ocrx_word' id='word_1_6' title='bbox 397 503 440 550; x_wconf 82' lang='grc' dir='ltr'><strong>ιι,</strong></span> <span class='ocrx_word' id='word_1_7' title='bbox 451 483 539 540; x_wconf 88' lang='lat' dir='ltr'><strong>indict.</strong></span> <span class='ocrx_word' id='word_1_8' title='bbox 553 499 588 539; x_wconf 76' lang='grc' dir='ltr'><strong>ιι.</strong></span> <span class='ocrx_word' id='word_1_9' title='bbox 612 481 712 538; x_wconf 75' lang='lat' dir='ltr'><strong>Natalis</strong></span> <span class='ocrx_word' id='word_1_10' title='bbox 723 498 786 538; x_wconf 91' lang='lat' dir='ltr'><strong>vero</strong></span> <span class='ocrx_word' id='word_1_11' title='bbox 797 481 893 538; x_wconf 80' lang='lat' dir='ltr'><strong>Ohristi</strong></span> <span class='ocrx_word' id='word_1_12' title='bbox 905 484 967 538; x_wconf 88' lang='lat' dir='ltr'><strong>solis</strong></span> <span class='ocrx_word' id='word_1_13' title='bbox 979 499 1028 548; x_wconf 83' lang='grc' dir='ltr'><strong>ιι.,</strong></span> <span class='ocrx_word' id='word_1_14' title='bbox 1045 484 1122 537; x_wconf 87' lang='lat' dir='ltr'><strong>lunae</strong></span> <span class='ocrx_word' id='word_1_15' title='bbox 1134 503 1167 550; x_wconf 92' lang='lat'><strong>1.,</strong></span> <span class='ocrx_word' id='word_1_16' title='bbox 1179 483 1268 538; x_wconf 87' lang='lat' dir='ltr'><strong>indict.</strong></span> 
     </span>
     <span class='ocr_line' id='line_1_3' title="bbox 105 568 1268 640; baseline 0 -16"><span class='ocrx_word' id='word_1_17' title='bbox 105 569 193 626; x_wconf 77' lang='lat' dir='ltr'><strong>sKsl.</strong></span> <span class='ocrx_word' id='word_1_18' title='bbox 205 569 261 624; x_wconf 79' lang='lat' dir='ltr'><strong>lun</strong></span> <span class='ocrx_word' id='word_1_19' title='bbox 272 587 312 626; x_wconf 88' lang='grc' dir='ltr'><strong>ιιι.</strong></span> <span class='ocrx_word' id='word_1_20' title='bbox 336 570 396 624; x_wconf 89' lang='lat' dir='ltr'><strong>Non</strong></span> <span class='ocrx_word' id='word_1_21' title='bbox 412 575 499 640; x_wconf 90' lang='lat' dir='ltr'><strong>potest</strong></span> <span class='ocrx_word' id='word_1_22' title='bbox 515 575 604 626; x_wconf 85' lang='lat' dir='ltr'><strong>eutem</strong></span> <span class='ocrx_word' id='word_1_23' title='bbox 618 569 713 639; x_wconf 87' lang='lat' dir='ltr'><strong>triplex</strong></span> <span class='ocrx_word' id='word_1_24' title='bbox 728 568 770 622; x_wconf 92' lang='lat' dir='ltr'><strong>hic</strong></span> <span class='ocrx_word' id='word_1_25' title='bbox 786 569 933 640; x_wconf 84' lang='lat' dir='ltr'><strong>postiemus</strong></span> <span class='ocrx_word' id='word_1_26' title='bbox 950 569 1082 622; x_wconf 72' lang='lat' dir='ltr'>character</span> <span class='ocrx_word' id='word_1_27' title='bbox 1099 570 1173 624; x_wconf 86' lang='lat' dir='ltr'><strong>alteri</strong></span> <span class='ocrx_word' id='word_1_28' title='bbox 1189 585 1268 640; x_wconf 84' lang='lat' dir='ltr'><strong>quum</strong></span> 
     </span>
     <span class='ocr_line' id='line_1_4' title="bbox 104 653 1268 727; baseline 0.001 -20"><span class='ocrx_word' id='word_1_29' title='bbox 104 671 167 710; x_wconf 80' lang='lat' dir='ltr'><strong>xcv.</strong></span> <span class='ocrx_word' id='word_1_30' title='bbox 186 653 286 709; x_wconf 85' lang='lat' dir='ltr'><strong>Iuliane</strong></span> <span class='ocrx_word' id='word_1_31' title='bbox 303 656 397 720; x_wconf 89' lang='lat' dir='ltr'><strong>tribui,</strong></span> <span class='ocrx_word' id='word_1_32' title='bbox 415 655 517 727; x_wconf 89' lang='lat' dir='ltr'><strong>Olymp.</strong></span> <span class='ocrx_word' id='word_1_33' title='bbox 530 669 619 710; x_wconf 85' lang='lat' dir='ltr'><strong>oxcrv.</strong></span> <span class='ocrx_word' id='word_1_34' title='bbox 637 671 705 708; x_wconf 82' lang='lat' dir='ltr'><strong>auno</strong></span> <span class='ocrx_word' id='word_1_35' title='bbox 719 671 753 708; x_wconf 86' lang='grc' dir='ltr'><strong>ιι.</strong></span> <span class='ocrx_word' id='word_1_36' title='bbox 770 655 887 719; x_wconf 83' lang='lat' dir='ltr'><strong>labente,</strong></span> <span class='ocrx_word' id='word_1_37' title='bbox 906 654 982 708; x_wconf 82' lang='lat' dir='ltr'>Urbis</span> <span class='ocrx_word' id='word_1_38' title='bbox 999 655 1097 708; x_wconf 77' lang='lat' dir='ltr'><strong>Romus</strong></span> <span class='ocrx_word' id='word_1_39' title='bbox 1114 655 1268 708; x_wconf 81' lang='lat' dir='ltr'><strong>el&#39;ulilibns</strong></span> 
     </span>
     <span class='ocr_line' id='line_1_5' title="bbox 104 741 1269 822; baseline 0 -28"><span class='ocrx_word' id='word_1_40' title='bbox 104 741 273 806; x_wconf 83' lang='lat' dir='ltr'><strong>Varronisnis</strong></span> <span class='ocrx_word' id='word_1_41' title='bbox 283 755 408 806; x_wconf 77' lang='lat' dir='ltr'><strong>nocuum,</strong></span> <span class='ocrx_word' id='word_1_42' title='bbox 419 741 446 794; x_wconf 91' lang='lat' dir='ltr'><strong>id</strong></span> <span class='ocrx_word' id='word_1_43' title='bbox 456 741 537 812; x_wconf 89' lang='lat' dir='ltr'><strong>qnod,</strong></span> <span class='ocrx_word' id='word_1_44' title='bbox 550 741 572 794; x_wconf 92' lang='lat' dir='ltr'><strong>si</strong></span> <span class='ocrx_word' id='word_1_45' title='bbox 584 745 653 794; x_wconf 91' lang='lat' dir='ltr'><strong>recte</strong></span> <span class='ocrx_word' id='word_1_46' title='bbox 665 741 799 811; x_wconf 77' lang='lat' dir='ltr'><strong>superiora</strong></span> <span class='ocrx_word' id='word_1_47' title='bbox 807 741 893 811; x_wconf 86' lang='lat' dir='ltr'><strong>posits</strong></span> <span class='ocrx_word' id='word_1_48' title='bbox 902 747 974 806; x_wconf 86' lang='lat' dir='ltr'><strong>sunt,</strong></span> <span class='ocrx_word' id='word_1_49' title='bbox 986 741 1132 794; x_wconf 79' lang='lat' dir='ltr'><strong>necessario</strong></span> <span class='ocrx_word' id='word_1_50' title='bbox 1144 741 1269 822; x_wconf 64' lang='lat' dir='ltr'><strong>sequitun</strong></span> 
     </span>
     <span class='ocr_line' id='line_1_6' title="bbox 104 825 1269 897; baseline 0 -18"><span class='ocrx_word' id='word_1_51' title='bbox 104 825 285 880; x_wconf 66' lang='lat' dir='ltr'><strong>Praetermitto</strong></span> <span class='ocrx_word' id='word_1_52' title='bbox 303 826 396 881; x_wconf 88' lang='lat' dir='ltr'><strong>sideris</strong></span> <span class='ocrx_word' id='word_1_53' title='bbox 412 828 544 897; x_wconf 74' lang='lat' dir='ltr'><strong>pinusque</strong></span> <span class='ocrx_word' id='word_1_54' title='bbox 562 825 719 880; x_wconf 74' lang='lat' dir='ltr'><strong>defectiones</strong></span> <span class='ocrx_word' id='word_1_55' title='bbox 741 841 772 878; x_wconf 89' lang='lat' dir='ltr'><strong>se</strong></span> <span class='ocrx_word' id='word_1_56' title='bbox 788 826 902 895; x_wconf 88' lang='lat' dir='ltr'><strong>reliquos</strong></span> <span class='ocrx_word' id='word_1_57' title='bbox 918 841 1048 880; x_wconf 88' lang='lat' dir='ltr'><strong>annornm</strong></span> <span class='ocrx_word' id='word_1_58' title='bbox 1062 825 1222 880; x_wconf 74' lang='lat' dir='ltr'><strong>characteres</strong></span> <span class='ocrx_word' id='word_1_59' title='bbox 1239 841 1269 879; x_wconf 85' lang='lat' dir='ltr'><strong>uc</strong></span> 
     </span>
     <span class='ocr_line' id='line_1_7' title="bbox 103 907 1270 982; baseline 0.002 -18"><span class='ocrx_word' id='word_1_60' title='bbox 103 917 196 976; x_wconf 82' lang='lat' dir='ltr'><strong>notas,</strong></span> <span class='ocrx_word' id='word_1_61' title='bbox 214 912 307 981; x_wconf 88' lang='lat' dir='ltr'><strong>quibus</strong></span> <span class='ocrx_word' id='word_1_62' title='bbox 319 913 392 966; x_wconf 89' lang='lat' dir='ltr'><strong>velut</strong></span> <span class='ocrx_word' id='word_1_63' title='bbox 404 912 561 966; x_wconf 84' lang='lat' dir='ltr'><strong>firmissimis</strong></span> <span class='ocrx_word' id='word_1_64' title='bbox 578 911 714 982; x_wconf 75' lang='lat' dir='ltr'><strong>praesidiis</strong></span> <span class='ocrx_word' id='word_1_65' title='bbox 730 917 876 982; x_wconf 87' lang='lat' dir='ltr'><strong>temporum</strong></span> <span class='ocrx_word' id='word_1_66' title='bbox 892 907 957 964; x_wconf 88' lang='lat' dir='ltr'><strong>hsec</strong></span> <span class='ocrx_word' id='word_1_67' title='bbox 968 911 1084 964; x_wconf 85' lang='lat' dir='ltr'><strong>doctrina</strong></span> <span class='ocrx_word' id='word_1_68' title='bbox 1095 911 1222 977; x_wconf 85' lang='lat' dir='ltr'><strong>munitur;</strong></span> <span class='ocrx_word' id='word_1_69' title='bbox 1238 911 1270 966; x_wconf 90' lang='lat' dir='ltr'><strong>de</strong></span> 
     </span>
     <span class='ocr_line' id='line_1_8' title="bbox 104 996 988 1068; baseline 0.001 -18"><span class='ocrx_word' id='word_1_70' title='bbox 104 997 202 1066; x_wconf 90' lang='lat' dir='ltr'><strong>quibus</strong></span> <span class='ocrx_word' id='word_1_71' title='bbox 213 997 343 1067; x_wconf 63' lang='lat' dir='ltr'><strong>pler&#39;sqw</strong></span> <span class='ocrx_word' id='word_1_72' title='bbox 354 996 404 1051; x_wconf 81' lang='lat' dir='ltr'><strong>bae</strong></span> <span class='ocrx_word' id='word_1_73' title='bbox 415 1002 569 1068; x_wconf 84' lang='lat' dir='ltr'><strong>tempestste</strong></span> <span class='ocrx_word' id='word_1_74' title='bbox 581 997 656 1052; x_wconf 90' lang='lat' dir='ltr'><strong>docte</strong></span> <span class='ocrx_word' id='word_1_75' title='bbox 668 1003 810 1066; x_wconf 83' lang='lat' dir='ltr'><strong>secuteque</strong></span> <span class='ocrx_word' id='word_1_76' title='bbox 822 997 988 1066; x_wconf 84' lang='lat' dir='ltr'><strong>scripserunt.</strong></span> 
     </span>
    </p>

    <p class='ocr_par' dir='ltr' id='par_1_3' title="bbox 103 1080 1436 3016">
     <span class='ocr_line' id='line_1_9' title="bbox 175 1080 1270 1153; baseline 0.001 -18"><span class='ocrx_word' id='word_1_77' title='bbox 175 1082 256 1136; x_wconf 79' lang='lat' dir='ltr'><strong>Aede</strong></span> <span class='ocrx_word' id='word_1_78' title='bbox 268 1084 348 1153; x_wconf 85' lang='lat' dir='ltr'><strong>cyclis</strong></span> <span class='ocrx_word' id='word_1_79' title='bbox 364 1089 391 1136; x_wconf 92' lang='lat' dir='ltr'><strong>et</strong></span> <span class='ocrx_word' id='word_1_80' title='bbox 401 1082 427 1138; x_wconf 89' lang='lat' dir='ltr'><strong>id</strong></span> <span class='ocrx_word' id='word_1_81' title='bbox 440 1097 523 1152; x_wconf 86' lang='lat' dir='ltr'><strong>genus</strong></span> <span class='ocrx_word' id='word_1_82' title='bbox 534 1083 591 1136; x_wconf 77' lang='lat' dir='ltr'><strong>eliis</strong></span> <span class='ocrx_word' id='word_1_83' title='bbox 608 1083 768 1136; x_wconf 84' lang='lat' dir='ltr'><strong>mentionem</strong></span> <span class='ocrx_word' id='word_1_84' title='bbox 781 1080 831 1136; x_wconf 92' lang='lat' dir='ltr'><strong>hoc</strong></span> <span class='ocrx_word' id='word_1_85' title='bbox 847 1083 905 1140; x_wconf 93' lang='lat' dir='ltr'><strong>loco</strong></span> <span class='ocrx_word' id='word_1_86' title='bbox 922 1099 956 1136; x_wconf 92' lang='lat' dir='ltr'><strong>ne</strong></span> <span class='ocrx_word' id='word_1_87' title='bbox 967 1084 1042 1136; x_wconf 80' lang='lat' dir='ltr'><strong>litere</strong></span> <span class='ocrx_word' id='word_1_88' title='bbox 1053 1083 1156 1152; x_wconf 88' lang='lat' dir='ltr'><strong>quidem</strong></span> <span class='ocrx_word' id='word_1_89' title='bbox 1168 1083 1270 1152; x_wconf 84' lang='lat' dir='ltr'><strong>attigis-</strong></span> 
     </span>
     <span class='ocr_line' id='line_1_10' title="bbox 104 1166 1270 1238; baseline 0.002 -18"><span class='ocrx_word' id='word_1_90' title='bbox 104 1179 177 1233; x_wconf 82' lang='lat' dir='ltr'><strong>sem,</strong></span> <span class='ocrx_word' id='word_1_91' title='bbox 188 1167 240 1220; x_wconf 89' lang='lat' dir='ltr'><strong>nisi</strong></span> <span class='ocrx_word' id='word_1_92' title='bbox 248 1181 264 1220; x_wconf 86' lang='lat' dir='ltr'><strong>n</strong></span> <span class='ocrx_word' id='word_1_93' title='bbox 272 1168 405 1222; x_wconf 77' lang='lat' dir='ltr'><strong>nonnullis</strong></span> <span class='ocrx_word' id='word_1_94' title='bbox 413 1173 498 1222; x_wconf 88' lang='lat' dir='ltr'><strong>toturn</strong></span> <span class='ocrx_word' id='word_1_95' title='bbox 505 1166 555 1221; x_wconf 87' lang='lat' dir='ltr'><strong>hoc</strong></span> <span class='ocrx_word' id='word_1_96' title='bbox 564 1169 700 1237; x_wconf 87' lang='lat' dir='ltr'><strong>negotium</strong></span> <span class='ocrx_word' id='word_1_97' title='bbox 709 1167 850 1238; x_wconf 78' lang='lat' dir='ltr'><strong>improbari</strong></span> <span class='ocrx_word' id='word_1_98' title='bbox 858 1183 1002 1233; x_wconf 87' lang='lat' dir='ltr'><strong>cernerem,</strong></span> <span class='ocrx_word' id='word_1_99' title='bbox 1014 1183 1045 1221; x_wconf 89' lang='lat' dir='ltr'><strong>se</strong></span> <span class='ocrx_word' id='word_1_100' title='bbox 1056 1173 1182 1238; x_wconf 83' lang='lat' dir='ltr'><strong>tunquum</strong></span> <span class='ocrx_word' id='word_1_101' title='bbox 1193 1169 1270 1222; x_wconf 88' lang='lat' dir='ltr'><strong>inane</strong></span> 
     </span>
     <span class='ocr_line' id='line_1_11' title="bbox 105 1252 1271 1324; baseline 0 -18"><span class='ocrx_word' id='word_1_102' title='bbox 105 1258 186 1324; x_wconf 77' lang='lat' dir='ltr'><strong>utque</strong></span> <span class='ocrx_word' id='word_1_103' title='bbox 198 1253 312 1308; x_wconf 85' lang='lat' dir='ltr'><strong>otiosum</strong></span> <span class='ocrx_word' id='word_1_104' title='bbox 323 1253 407 1306; x_wconf 85' lang='lat' dir='ltr'><strong>rideri.</strong></span> <span class='ocrx_word' id='word_1_105' title='bbox 430 1253 490 1306; x_wconf 85' lang='lat' dir='ltr'><strong>Vidi</strong></span> <span class='ocrx_word' id='word_1_106' title='bbox 505 1267 556 1322; x_wconf 86' lang='lat' dir='ltr'><strong>ego</strong></span> <span class='ocrx_word' id='word_1_107' title='bbox 571 1269 654 1324; x_wconf 84' lang='lat' dir='ltr'><strong>nuper</strong></span> <span class='ocrx_word' id='word_1_108' title='bbox 672 1253 717 1323; x_wconf 90' lang='lat' dir='ltr'><strong>qui</strong></span> <span class='ocrx_word' id='word_1_109' title='bbox 732 1252 794 1308; x_wconf 89' lang='lat' dir='ltr'><strong>huic</strong></span> <span class='ocrx_word' id='word_1_110' title='bbox 809 1252 930 1307; x_wconf 88' lang='lat' dir='ltr'><strong>methodo</strong></span> <span class='ocrx_word' id='word_1_111' title='bbox 942 1253 1043 1324; x_wconf 87' lang='lat' dir='ltr'><strong>pondus</strong></span> <span class='ocrx_word' id='word_1_112' title='bbox 1055 1269 1085 1306; x_wconf 89' lang='lat' dir='ltr'><strong>ac</strong></span> <span class='ocrx_word' id='word_1_113' title='bbox 1096 1253 1175 1306; x_wconf 88' lang='lat' dir='ltr'><strong>fidem</strong></span> <span class='ocrx_word' id='word_1_114' title='bbox 1186 1254 1219 1306; x_wconf 89' lang='lat' dir='ltr'><strong>iis</strong></span> <span class='ocrx_word' id='word_1_115' title='bbox 1230 1269 1271 1306; x_wconf 86' lang='grc' dir='ltr'><strong>ιι-</strong></span> 
     </span>
     <span class='ocr_line' id='line_1_12' title="bbox 104 1337 1271 1409; baseline 0.002 -19"><span class='ocrx_word' id='word_1_116' title='bbox 104 1338 223 1392; x_wconf 87' lang='lat' dir='ltr'><strong>tionibus</strong></span> <span class='ocrx_word' id='word_1_117' title='bbox 235 1337 388 1392; x_wconf 76' lang='lat' dir='ltr'><strong>detraheret.</strong></span> <span class='ocrx_word' id='word_1_118' title='bbox 411 1338 526 1392; x_wconf 85' lang='lat' dir='ltr'><strong>Primum</strong></span> <span class='ocrx_word' id='word_1_119' title='bbox 538 1339 669 1408; x_wconf 75' lang='lat' dir='ltr'><strong>cyclorum</strong></span> <span class='ocrx_word' id='word_1_120' title='bbox 681 1340 807 1392; x_wconf 84' lang='lat' dir='ltr'><strong>incertam</strong></span> <span class='ocrx_word' id='word_1_121' title='bbox 824 1339 911 1392; x_wconf 86' lang='lat' dir='ltr'><strong>aiebat</strong></span> <span class='ocrx_word' id='word_1_122' title='bbox 926 1353 983 1392; x_wconf 87' lang='lat' dir='ltr'><strong>csse</strong></span> <span class='ocrx_word' id='word_1_123' title='bbox 999 1338 1208 1409; x_wconf 83' lang='lat' dir='ltr'><strong>dispositionem,</strong></span> <span class='ocrx_word' id='word_1_124' title='bbox 1225 1355 1271 1392; x_wconf 88' lang='lat' dir='ltr'><strong>ne-</strong></span> 
     </span>
     <span class='ocr_line' id='line_1_13' title="bbox 105 1424 1274 1494; baseline 0.001 -18"><span class='ocrx_word' id='word_1_125' title='bbox 105 1437 157 1492; x_wconf 86' lang='lat' dir='ltr'><strong>que</strong></span> <span class='ocrx_word' id='word_1_126' title='bbox 174 1439 324 1494; x_wconf 72' lang='lat' dir='ltr'><strong>quenquam</strong></span> <span class='ocrx_word' id='word_1_127' title='bbox 341 1438 423 1478; x_wconf 88' lang='lat' dir='ltr'><strong>unum</strong></span> <span class='ocrx_word' id='word_1_128' title='bbox 440 1439 500 1478; x_wconf 89' lang='lat' dir='ltr'><strong>cum</strong></span> <span class='ocrx_word' id='word_1_129' title='bbox 516 1425 598 1477; x_wconf 91' lang='lat' dir='ltr'><strong>altero</strong></span> <span class='ocrx_word' id='word_1_130' title='bbox 615 1426 765 1478; x_wconf 87' lang='lat' dir='ltr'><strong>convenire:</strong></span> <span class='ocrx_word' id='word_1_131' title='bbox 783 1424 851 1494; x_wconf 92' lang='lat' dir='ltr'><strong>quod</strong></span> <span class='ocrx_word' id='word_1_132' title='bbox 868 1424 914 1478; x_wconf 88' lang='lat' dir='ltr'><strong>slii</strong></span> <span class='ocrx_word' id='word_1_133' title='bbox 929 1425 980 1478; x_wconf 83' lang='lat' dir='ltr'><strong>ulio</strong></span> <span class='ocrx_word' id='word_1_134' title='bbox 992 1424 1054 1477; x_wconf 88' lang='lat' dir='ltr'><strong>eolis</strong></span> <span class='ocrx_word' id='word_1_135' title='bbox 1066 1437 1097 1477; x_wconf 89' lang='lat' dir='ltr'><strong>ac</strong></span> <span class='ocrx_word' id='word_1_136' title='bbox 1107 1426 1186 1478; x_wconf 85' lang='lat' dir='ltr'><strong>lunae</strong></span> <span class='ocrx_word' id='word_1_137' title='bbox 1197 1425 1274 1494; x_wconf 78' lang='lat' dir='ltr'><strong>cyclo</strong></span> 
     </span>
     <span class='ocr_line' id='line_1_14' title="bbox 103 1507 1271 1575; baseline 0.003 -15"><span class='ocrx_word' id='word_1_138' title='bbox 103 1507 264 1563; x_wconf 75' lang='lat' dir='ltr'><strong>lubricatum</strong></span> <span class='ocrx_word' id='word_1_139' title='bbox 275 1510 357 1564; x_wconf 87' lang='lat' dir='ltr'><strong>velint</strong></span> <span class='ocrx_word' id='word_1_140' title='bbox 367 1510 524 1564; x_wconf 79' lang='grc' dir='ltr'><strong>ιιιιιιιιιιιιιι.</strong></span> <span class='ocrx_word' id='word_1_141' title='bbox 542 1509 595 1564; x_wconf 86' lang='lat' dir='ltr'><strong>Sed</strong></span> <span class='ocrx_word' id='word_1_142' title='bbox 603 1508 664 1562; x_wconf 89' lang='lat' dir='ltr'><strong>huic</strong></span> <span class='ocrx_word' id='word_1_143' title='bbox 675 1509 751 1562; x_wconf 83' lang='lat' dir='ltr'><strong>iscile</strong></span> <span class='ocrx_word' id='word_1_144' title='bbox 763 1525 780 1562; x_wconf 88' lang='lat' dir='ltr'><strong>s</strong></span> <span class='ocrx_word' id='word_1_145' title='bbox 790 1509 867 1562; x_wconf 92' lang='lat' dir='ltr'><strong>nobis</strong></span> <span class='ocrx_word' id='word_1_146' title='bbox 879 1510 1028 1562; x_wconf 86' lang='lat' dir='ltr'><strong>occurritur.</strong></span> <span class='ocrx_word' id='word_1_147' title='bbox 1045 1508 1128 1563; x_wconf 86' lang='lat' dir='ltr'><strong>Nemo</strong></span> <span class='ocrx_word' id='word_1_148' title='bbox 1141 1515 1181 1564; x_wconf 86' lang='lat' dir='ltr'><strong>est</strong></span> <span class='ocrx_word' id='word_1_149' title='bbox 1192 1511 1271 1575; x_wconf 84' lang='lat' dir='ltr'><strong>enirn,</strong></span> 
     </span>
     <span class='ocr_line' id='line_1_15' title="bbox 105 1593 1271 1665; baseline 0.002 -19"><span class='ocrx_word' id='word_1_150' title='bbox 105 1594 151 1662; x_wconf 81' lang='lat' dir='ltr'><strong>qui</strong></span> <span class='ocrx_word' id='word_1_151' title='bbox 163 1593 269 1664; x_wconf 79' lang='lat' dir='ltr'><strong>quidem</strong></span> <span class='ocrx_word' id='word_1_152' title='bbox 282 1595 333 1648; x_wconf 89' lang='lat' dir='ltr'><strong>duo</strong></span> <span class='ocrx_word' id='word_1_153' title='bbox 345 1609 375 1648; x_wconf 86' lang='lat' dir='ltr'><strong>sc</strong></span> <span class='ocrx_word' id='word_1_154' title='bbox 387 1595 438 1648; x_wconf 87' lang='lat' dir='ltr'><strong>tria</strong></span> <span class='ocrx_word' id='word_1_155' title='bbox 448 1611 585 1648; x_wconf 88' lang='lat' dir='ltr'><strong>numerare</strong></span> <span class='ocrx_word' id='word_1_156' title='bbox 595 1595 685 1665; x_wconf 83' lang='lat' dir='ltr'><strong>possit,</strong></span> <span class='ocrx_word' id='word_1_157' title='bbox 698 1595 742 1664; x_wconf 87' lang='lat' dir='ltr'><strong>qui</strong></span> <span class='ocrx_word' id='word_1_158' title='bbox 754 1595 781 1648; x_wconf 93' lang='lat' dir='ltr'><strong>in</strong></span> <span class='ocrx_word' id='word_1_159' title='bbox 790 1593 954 1662; x_wconf 81' lang='lat' dir='ltr'><strong>Dionysiuns</strong></span> <span class='ocrx_word' id='word_1_160' title='bbox 965 1594 1118 1664; x_wconf 78' lang='lat' dir='ltr'><strong>vulgarique</strong></span> <span class='ocrx_word' id='word_1_161' title='bbox 1130 1595 1216 1650; x_wconf 87' lang='lat' dir='ltr'><strong>ionne</strong></span> <span class='ocrx_word' id='word_1_162' title='bbox 1226 1611 1271 1665; x_wconf 93' lang='lat' dir='ltr'><strong>cy-</strong></span> 
     </span>
     <span class='ocr_line' id='line_1_16' title="bbox 105 1679 1270 1752; baseline 0.002 -20"><span class='ocrx_word' id='word_1_163' title='bbox 105 1679 160 1733; x_wconf 85' lang='lat' dir='ltr'><strong>clos</strong></span> <span class='ocrx_word' id='word_1_164' title='bbox 173 1680 249 1734; x_wconf 83' lang='lat' dir='ltr'><strong>aliter</strong></span> <span class='ocrx_word' id='word_1_165' title='bbox 260 1685 394 1752; x_wconf 86' lang='lat' dir='ltr'><strong>computet</strong></span> <span class='ocrx_word' id='word_1_166' title='bbox 405 1695 485 1750; x_wconf 82' lang='lat' dir='ltr'><strong>quens</strong></span> <span class='ocrx_word' id='word_1_167' title='bbox 496 1681 581 1750; x_wconf 86' lang='lat' dir='ltr'><strong>quivis</strong></span> <span class='ocrx_word' id='word_1_168' title='bbox 598 1679 712 1749; x_wconf 82' lang='lat' dir='ltr'><strong>evulgo.</strong></span> <span class='ocrx_word' id='word_1_169' title='bbox 746 1679 834 1732; x_wconf 89' lang='lat' dir='ltr'><strong>Potest</strong></span> <span class='ocrx_word' id='word_1_170' title='bbox 850 1679 954 1748; x_wconf 88' lang='lat' dir='ltr'><strong>quidem</strong></span> <span class='ocrx_word' id='word_1_171' title='bbox 971 1679 999 1732; x_wconf 92' lang='lat' dir='ltr'><strong>in</strong></span> <span class='ocrx_word' id='word_1_172' title='bbox 1016 1695 1156 1746; x_wconf 86' lang='lat' dir='ltr'><strong>annornm,</strong></span> <span class='ocrx_word' id='word_1_173' title='bbox 1174 1682 1219 1750; x_wconf 85' lang='lat' dir='ltr'><strong>qui</strong></span> <span class='ocrx_word' id='word_1_174' title='bbox 1236 1681 1270 1734; x_wconf 86' lang='lat' dir='ltr'><strong>sb</strong></span> 
     </span>
     <span class='ocr_line' id='line_1_17' title="bbox 105 1763 1272 1835; baseline 0.001 -18"><span class='ocrx_word' id='word_1_175' title='bbox 105 1765 169 1818; x_wconf 88' lang='lat' dir='ltr'><strong>erbe</strong></span> <span class='ocrx_word' id='word_1_176' title='bbox 180 1765 287 1820; x_wconf 84' lang='lat' dir='ltr'><strong>condito</strong></span> <span class='ocrx_word' id='word_1_177' title='bbox 298 1763 411 1831; x_wconf 82' lang='lat' dir='ltr'><strong>fluxere,</strong></span> <span class='ocrx_word' id='word_1_178' title='bbox 429 1781 537 1819; x_wconf 87' lang='lat' dir='ltr'><strong>numero</strong></span> <span class='ocrx_word' id='word_1_179' title='bbox 554 1767 619 1818; x_wconf 81' lang='lat' dir='ltr'><strong>ulter</strong></span> <span class='ocrx_word' id='word_1_180' title='bbox 635 1766 669 1818; x_wconf 83' lang='lat' dir='ltr'><strong>ab</strong></span> <span class='ocrx_word' id='word_1_181' title='bbox 686 1765 767 1818; x_wconf 84' lang='lat' dir='ltr'><strong>altero</strong></span> <span class='ocrx_word' id='word_1_182' title='bbox 779 1763 924 1819; x_wconf 88' lang='lat' dir='ltr'><strong>dissentire.</strong></span> <span class='ocrx_word' id='word_1_183' title='bbox 949 1764 1000 1818; x_wconf 84' lang='lat' dir='ltr'><strong>Sed</strong></span> <span class='ocrx_word' id='word_1_184' title='bbox 1017 1766 1062 1835; x_wconf 89' lang='lat' dir='ltr'><strong>qui</strong></span> <span class='ocrx_word' id='word_1_185' title='bbox 1074 1765 1105 1818; x_wconf 91' lang='lat' dir='ltr'><strong>de</strong></span> <span class='ocrx_word' id='word_1_186' title='bbox 1117 1767 1193 1818; x_wconf 81' lang='lat' dir='ltr'><strong>conis</strong></span> <span class='ocrx_word' id='word_1_187' title='bbox 1204 1767 1272 1820; x_wconf 90' lang='lat' dir='ltr'><strong>inter</strong></span> 
     </span>
     <span class='ocr_line' id='line_1_18' title="bbox 104 1850 1270 1921; baseline 0 -18"><span class='ocrx_word' id='word_1_188' title='bbox 104 1865 134 1903; x_wconf 90' lang='lat' dir='ltr'><strong>se</strong></span> <span class='ocrx_word' id='word_1_189' title='bbox 144 1851 329 1916; x_wconf 88' lang='lat' dir='ltr'><strong>convenerint,</strong></span> <span class='ocrx_word' id='word_1_190' title='bbox 339 1851 368 1904; x_wconf 91' lang='lat' dir='ltr'><strong>in</strong></span> <span class='ocrx_word' id='word_1_191' title='bbox 380 1851 472 1920; x_wconf 89' lang='lat' dir='ltr'><strong>cyclis,</strong></span> <span class='ocrx_word' id='word_1_192' title='bbox 489 1851 542 1906; x_wconf 80' lang='lat' dir='ltr'><strong>nisu</strong></span> <span class='ocrx_word' id='word_1_193' title='bbox 534 1850 664 1921; x_wconf 90' lang='lat' dir='ltr'><strong>pecudes</strong></span> <span class='ocrx_word' id='word_1_194' title='bbox 676 1850 741 1914; x_wconf 88' lang='lat' dir='ltr'><strong>sint,</strong></span> <span class='ocrx_word' id='word_1_195' title='bbox 758 1850 914 1904; x_wconf 72' lang='lat' dir='ltr'><strong>convenient</strong></span> <span class='ocrx_word' id='word_1_196' title='bbox 924 1865 1029 1904; x_wconf 85' lang='lat' dir='ltr'><strong>necesse</strong></span> <span class='ocrx_word' id='word_1_197' title='bbox 1041 1857 1093 1906; x_wconf 89' lang='lat' dir='ltr'><strong>est.</strong></span> <span class='ocrx_word' id='word_1_198' title='bbox 1113 1851 1198 1904; x_wconf 87' lang='lat' dir='ltr'><strong>liabet</strong></span> <span class='ocrx_word' id='word_1_199' title='bbox 1208 1867 1270 1906; x_wconf 87' lang='lat' dir='ltr'><strong>vero</strong></span> 
     </span>
     <span class='ocr_line' id='line_1_19' title="bbox 104 1935 1270 2007; baseline 0 -17"><span class='ocrx_word' id='word_1_200' title='bbox 104 1951 235 2006; x_wconf 70' lang='lat' dir='ltr'><strong>maguum</strong></span> <span class='ocrx_word' id='word_1_201' title='bbox 246 1951 278 1990; x_wconf 82' lang='lat' dir='ltr'><strong>es</strong></span> <span class='ocrx_word' id='word_1_202' title='bbox 288 1951 330 1992; x_wconf 84' lang='lat' dir='ltr'><strong>res</strong></span> <span class='ocrx_word' id='word_1_203' title='bbox 342 1936 375 1990; x_wconf 88' lang='lat' dir='ltr'><strong>ed</strong></span> <span class='ocrx_word' id='word_1_204' title='bbox 387 1951 469 1992; x_wconf 79' lang='lat' dir='ltr'><strong>annos</strong></span> <span class='ocrx_word' id='word_1_205' title='bbox 481 1935 638 1990; x_wconf 82' lang='lat' dir='ltr'><strong>evolvendos</strong></span> <span class='ocrx_word' id='word_1_206' title='bbox 649 1951 726 1989; x_wconf 88' lang='lat' dir='ltr'><strong>nsum</strong></span> <span class='ocrx_word' id='word_1_207' title='bbox 744 1941 773 1988; x_wconf 92' lang='lat' dir='ltr'><strong>et</strong></span> <span class='ocrx_word' id='word_1_208' title='bbox 787 1935 1021 2005; x_wconf 70' lang='lat' dir='ltr'><strong>opportunitatem,</strong></span> <span class='ocrx_word' id='word_1_209' title='bbox 1038 1942 1068 1988; x_wconf 87' lang='lat' dir='ltr'><strong>ut</strong></span> <span class='ocrx_word' id='word_1_210' title='bbox 1085 1951 1100 1989; x_wconf 87' lang='lat' dir='ltr'><strong>a</strong></span> <span class='ocrx_word' id='word_1_211' title='bbox 1116 1937 1200 2007; x_wconf 87' lang='lat' dir='ltr'><strong>teipso</strong></span> <span class='ocrx_word' id='word_1_212' title='bbox 1216 1953 1270 1990; x_wconf 90' lang='lat' dir='ltr'><strong>non</strong></span> 
     </span>
     <span class='ocr_line' id='line_1_20' title="bbox 106 2019 1436 2092; baseline 0 -18"><span class='ocrx_word' id='word_1_213' title='bbox 106 2021 248 2086; x_wconf 88' lang='lat' dir='ltr'><strong>dissidens,</strong></span> <span class='ocrx_word' id='word_1_214' title='bbox 262 2027 290 2075; x_wconf 88' lang='lat' dir='ltr'><strong>ut</strong></span> <span class='ocrx_word' id='word_1_215' title='bbox 301 2022 589 2084; x_wconf 79' lang='lat' dir='ltr'><strong>annorumvurietstes,</strong></span> <span class='ocrx_word' id='word_1_216' title='bbox 602 2037 668 2091; x_wconf 84' lang='lat' dir='ltr'><strong>quse</strong></span> <span class='ocrx_word' id='word_1_217' title='bbox 677 2027 739 2075; x_wconf 85' lang='lat' dir='ltr'><strong>sunt</strong></span> <span class='ocrx_word' id='word_1_218' title='bbox 747 2037 793 2092; x_wconf 90' lang='lat' dir='ltr'><strong>pro</strong></span> <span class='ocrx_word' id='word_1_219' title='bbox 803 2021 938 2074; x_wconf 71' lang='lat' dir='ltr'><strong>undenum</strong></span> <span class='ocrx_word' id='word_1_220' title='bbox 948 2019 1095 2074; x_wconf 83' lang='lat' dir='ltr'><strong>diversitate</strong></span> <span class='ocrx_word' id='word_1_221' title='bbox 1106 2021 1270 2092; x_wconf 86' lang='lat' dir='ltr'><strong>mulh&#39;pliees,</strong></span> <span class='ocrx_word' id='word_1_222' title='bbox 1298 2041 1318 2081; x_wconf 81' lang='lat' dir='ltr'><strong>p.</strong></span> <span class='ocrx_word' id='word_1_223' title='bbox 1328 2031 1371 2072; x_wconf 81' lang='lat' dir='ltr'><strong>tur.</strong></span> <span class='ocrx_word' id='word_1_224' title='bbox 1432 2067 1436 2074; x_wconf 93' lang='lat'><strong>.</strong></span> 
     </span>
     <span class='ocr_line' id='line_1_21' title="bbox 105 2107 1271 2178; baseline 0 -18"><span class='ocrx_word' id='word_1_225' title='bbox 105 2113 206 2160; x_wconf 81' lang='lat' dir='ltr'><strong>certsm</strong></span> <span class='ocrx_word' id='word_1_226' title='bbox 218 2107 251 2160; x_wconf 90' lang='lat' dir='ltr'><strong>ad</strong></span> <span class='ocrx_word' id='word_1_227' title='bbox 261 2108 381 2177; x_wconf 84' lang='lat' dir='ltr'><strong>regulum</strong></span> <span class='ocrx_word' id='word_1_228' title='bbox 393 2123 565 2178; x_wconf 76' lang='lat' dir='ltr'><strong>normamque</strong></span> <span class='ocrx_word' id='word_1_229' title='bbox 584 2107 695 2176; x_wconf 84' lang='lat' dir='ltr'><strong>dirigas,</strong></span> <span class='ocrx_word' id='word_1_230' title='bbox 711 2111 741 2160; x_wconf 91' lang='lat' dir='ltr'><strong>ut</strong></span> <span class='ocrx_word' id='word_1_231' title='bbox 756 2107 789 2159; x_wconf 87' lang='lat' dir='ltr'><strong>sb</strong></span> <span class='ocrx_word' id='word_1_232' title='bbox 806 2107 986 2160; x_wconf 84' lang='lat' dir='ltr'><strong>estronemicis</strong></span> <span class='ocrx_word' id='word_1_233' title='bbox 1003 2107 1251 2162; x_wconf 76' lang='lat' dir='ltr'><strong>observationibus</strong></span> <span class='ocrx_word' id='word_1_234' title='bbox 1243 2123 1271 2160; x_wconf 86' lang='grc' dir='ltr'><strong>ιιι</strong></span> 
     </span>
     <span class='ocr_line' id='line_1_22' title="bbox 105 2191 1270 2264; baseline 0 -18"><span class='ocrx_word' id='word_1_235' title='bbox 105 2192 287 2264; x_wconf 74' lang='lat' dir='ltr'><strong>persequendo</strong></span> <span class='ocrx_word' id='word_1_236' title='bbox 294 2199 442 2264; x_wconf 86' lang='lat' dir='ltr'><strong>temporum</strong></span> <span class='ocrx_word' id='word_1_237' title='bbox 452 2192 624 2264; x_wconf 76' lang='lat' dir='ltr'><strong>descriptione</strong></span> <span class='ocrx_word' id='word_1_238' title='bbox 631 2210 685 2246; x_wconf 89' lang='lat' dir='ltr'><strong>nun</strong></span> <span class='ocrx_word' id='word_1_239' title='bbox 694 2191 840 2246; x_wconf 84' lang='lat' dir='ltr'><strong>abhorrens.</strong></span> <span class='ocrx_word' id='word_1_240' title='bbox 857 2191 993 2246; x_wconf 85' lang='lat' dir='ltr'><strong>Etenim</strong></span> <span class='ocrx_word' id='word_1_241' title='bbox 972 2207 995 2244; x_wconf 84' lang='grc' dir='ltr'><strong>ιι</strong></span> <span class='ocrx_word' id='word_1_242' title='bbox 1005 2207 1068 2246; x_wconf 81' lang='lat' dir='ltr'><strong>snm</strong></span> <span class='ocrx_word' id='word_1_243' title='bbox 1061 2191 1169 2246; x_wconf 87' lang='lat' dir='ltr'><strong>&#39;iuliani</strong></span> <span class='ocrx_word' id='word_1_244' title='bbox 1179 2193 1270 2258; x_wconf 87' lang='lat' dir='ltr'><strong>iorma,</strong></span> 
     </span>
     <span class='ocr_line' id='line_1_23' title="bbox 106 2271 1270 2349; baseline -0.001 -18"><span class='ocrx_word' id='word_1_245' title='bbox 106 2294 176 2348; x_wconf 86' lang='lat' dir='ltr'><strong>quse</strong></span> <span class='ocrx_word' id='word_1_246' title='bbox 187 2283 248 2349; x_wconf 85' lang='lat' dir='ltr'><strong>post</strong></span> <span class='ocrx_word' id='word_1_247' title='bbox 259 2277 361 2348; x_wconf 77' lang='lat' dir='ltr'><strong>aliquot</strong></span> <span class='ocrx_word' id='word_1_248' title='bbox 371 2293 500 2331; x_wconf 83' lang='lat' dir='ltr'><strong>annorum</strong></span> <span class='ocrx_word' id='word_1_249' title='bbox 511 2277 594 2331; x_wconf 87' lang='lat' dir='ltr'><strong>millia</strong></span> <span class='ocrx_word' id='word_1_250' title='bbox 604 2283 708 2348; x_wconf 81' lang='lat' dir='ltr'><strong>recepta</strong></span> <span class='ocrx_word' id='word_1_251' title='bbox 719 2277 780 2343; x_wconf 85' lang='lat' dir='ltr'><strong>icit,</strong></span> <span class='ocrx_word' id='word_1_252' title='bbox 797 2283 900 2348; x_wconf 87' lang='lat' dir='ltr'><strong>propter</strong></span> <span class='ocrx_word' id='word_1_253' title='bbox 914 2271 1123 2331; x_wconf 77' lang='lat' dir='ltr'><strong>commoditatem</strong></span> <span class='ocrx_word' id='word_1_254' title='bbox 1140 2279 1173 2332; x_wconf 83' lang='lat' dir='ltr'><strong>ab</strong></span> <span class='ocrx_word' id='word_1_255' title='bbox 1188 2279 1270 2331; x_wconf 88' lang='lat' dir='ltr'><strong>omni·</strong></span> 
     </span>
     <span class='ocr_line' id='line_1_24' title="bbox 106 2355 1271 2434; baseline 0.001 -18"><span class='ocrx_word' id='word_1_256' title='bbox 106 2365 156 2417; x_wconf 90' lang='lat' dir='ltr'><strong>bus</strong></span> <span class='ocrx_word' id='word_1_257' title='bbox 164 2362 243 2417; x_wconf 90' lang='lat' dir='ltr'><strong>hodie</strong></span> <span class='ocrx_word' id='word_1_258' title='bbox 254 2362 419 2434; x_wconf 81' lang='lat' dir='ltr'><strong>chronologis</strong></span> <span class='ocrx_word' id='word_1_259' title='bbox 431 2363 465 2417; x_wconf 85' lang='lat' dir='ltr'><strong>sd</strong></span> <span class='ocrx_word' id='word_1_260' title='bbox 476 2363 606 2416; x_wconf 79' lang='lat' dir='ltr'><strong>anteriore</strong></span> <span class='ocrx_word' id='word_1_261' title='bbox 617 2355 695 2416; x_wconf 83' lang='lat' dir='ltr'><strong>etium</strong></span> <span class='ocrx_word' id='word_1_262' title='bbox 706 2369 825 2433; x_wconf 82' lang='lat' dir='ltr'><strong>tempore</strong></span> <span class='ocrx_word' id='word_1_263' title='bbox 840 2367 975 2416; x_wconf 85' lang='lat' dir='ltr'><strong>revocatur</strong></span> <span class='ocrx_word' id='word_1_264' title='bbox 991 2363 1025 2415; x_wconf 83' lang='lat' dir='ltr'><strong>sd</strong></span> <span class='ocrx_word' id='word_1_265' title='bbox 1036 2379 1145 2433; x_wconf 80' lang='lat' dir='ltr'><strong>eumque</strong></span> <span class='ocrx_word' id='word_1_266' title='bbox 1156 2363 1271 2418; x_wconf 87' lang='lat' dir='ltr'><strong>reiorun·</strong></span> 
     </span>
     <span class='ocr_line' id='line_1_25' title="bbox 104 2445 1270 2518; baseline 0 -16"><span class='ocrx_word' id='word_1_267' title='bbox 104 2454 149 2502; x_wconf 87' lang='lat' dir='ltr'><strong>tur</strong></span> <span class='ocrx_word' id='word_1_268' title='bbox 160 2447 218 2502; x_wconf 88' lang='lat' dir='ltr'><strong>iure</strong></span> <span class='ocrx_word' id='word_1_269' title='bbox 230 2455 359 2515; x_wconf 78' lang='grc' dir='ltr'><strong>ιιιιιιιι,</strong></span> <span class='ocrx_word' id='word_1_270' title='bbox 376 2465 421 2502; x_wconf 91' lang='lat' dir='ltr'><strong>cur</strong></span> <span class='ocrx_word' id='word_1_271' title='bbox 437 2465 489 2502; x_wconf 91' lang='lat' dir='ltr'><strong>non</strong></span> <span class='ocrx_word' id='word_1_272' title='bbox 507 2449 534 2501; x_wconf 90' lang='lat' dir='ltr'><strong>in</strong></span> <span class='ocrx_word' id='word_1_273' title='bbox 549 2449 627 2518; x_wconf 84' lang='lat' dir='ltr'><strong>cyclis</strong></span> <span class='ocrx_word' id='word_1_274' title='bbox 643 2463 768 2518; x_wconf 82' lang='lat' dir='ltr'><strong>usurpare</strong></span> <span class='ocrx_word' id='word_1_275' title='bbox 784 2445 853 2502; x_wconf 90' lang='lat' dir='ltr'><strong>idem</strong></span> <span class='ocrx_word' id='word_1_276' title='bbox 864 2447 967 2501; x_wconf 83' lang='lat' dir='ltr'><strong>licebit?</strong></span> <span class='ocrx_word' id='word_1_277' title='bbox 991 2447 1126 2512; x_wconf 71' lang='lat' dir='ltr'><strong>Quaeritur</strong></span> <span class='ocrx_word' id='word_1_278' title='bbox 1137 2465 1191 2518; x_wconf 88' lang='lat' dir='ltr'><strong>quo</strong></span> <span class='ocrx_word' id='word_1_279' title='bbox 1201 2465 1270 2502; x_wconf 86' lang='lat' dir='ltr'><strong>snno</strong></span> 
     </span>
     <span class='ocr_line' id='line_1_26' title="bbox 105 2531 1270 2605; baseline 0.001 -17"><span class='ocrx_word' id='word_1_280' title='bbox 105 2533 193 2604; x_wconf 75' lang='lat' dir='ltr'><strong>Cyrus</strong></span> <span class='ocrx_word' id='word_1_281' title='bbox 204 2534 234 2588; x_wconf 91' lang='lat' dir='ltr'><strong>iu</strong></span> <span class='ocrx_word' id='word_1_282' title='bbox 244 2531 350 2588; x_wconf 84' lang='lat' dir='ltr'><strong>Perside</strong></span> <span class='ocrx_word' id='word_1_283' title='bbox 361 2549 470 2605; x_wconf 76' lang='lat' dir='ltr'><strong>regnare</strong></span> <span class='ocrx_word' id='word_1_284' title='bbox 482 2535 603 2605; x_wconf 89' lang='lat' dir='ltr'><strong>coeperit.</strong></span> <span class='ocrx_word' id='word_1_285' title='bbox 625 2534 721 2588; x_wconf 85' lang='lat' dir='ltr'><strong>Audies</strong></span> <span class='ocrx_word' id='word_1_286' title='bbox 733 2549 749 2586; x_wconf 84' lang='grc' dir='ltr'><strong>ι</strong></span> <span class='ocrx_word' id='word_1_287' title='bbox 760 2533 924 2603; x_wconf 84' lang='lat' dir='ltr'><strong>chronologis</strong></span> <span class='ocrx_word' id='word_1_288' title='bbox 936 2547 1005 2586; x_wconf 83' lang='lat' dir='ltr'><strong>anno</strong></span> <span class='ocrx_word' id='word_1_289' title='bbox 1016 2533 1101 2604; x_wconf 88' lang='lat' dir='ltr'><strong>primo</strong></span> <span class='ocrx_word' id='word_1_290' title='bbox 1113 2534 1216 2605; x_wconf 86' lang='lat' dir='ltr'><strong>Olymp.</strong></span> <span class='ocrx_word' id='word_1_291' title='bbox 1228 2553 1270 2590; x_wconf 83' lang='grc' dir='ltr'><strong>ιν.</strong></span> 
     </span>
     <span class='ocr_line' id='line_1_27' title="bbox 105 2619 1271 2690; baseline 0 -17"><span class='ocrx_word' id='word_1_292' title='bbox 105 2621 248 2690; x_wconf 74' lang='lat' dir='ltr'><strong>inperium</strong></span> <span class='ocrx_word' id='word_1_293' title='bbox 265 2619 373 2690; x_wconf 80' lang='lat' dir='ltr'><strong>cepisse.</strong></span> <span class='ocrx_word' id='word_1_294' title='bbox 401 2619 453 2674; x_wconf 84' lang='lat' dir='ltr'><strong>Sed</strong></span> <span class='ocrx_word' id='word_1_295' title='bbox 470 2635 529 2674; x_wconf 89' lang='lat' dir='ltr'><strong>cum</strong></span> <span class='ocrx_word' id='word_1_296' title='bbox 545 2619 710 2690; x_wconf 70' lang='lat' dir='ltr'><strong>Olympiades</strong></span> <span class='ocrx_word' id='word_1_297' title='bbox 728 2619 761 2672; x_wconf 88' lang='lat' dir='ltr'><strong>ab</strong></span> <span class='ocrx_word' id='word_1_298' title='bbox 777 2619 875 2672; x_wconf 84' lang='lat' dir='ltr'><strong>aestivo</strong></span> <span class='ocrx_word' id='word_1_299' title='bbox 891 2619 1000 2671; x_wconf 89' lang='lat' dir='ltr'><strong>solstitio</strong></span> <span class='ocrx_word' id='word_1_300' title='bbox 1016 2619 1116 2683; x_wconf 81' lang='lat' dir='ltr'><strong>ineunt,</strong></span> <span class='ocrx_word' id='word_1_301' title='bbox 1133 2623 1221 2672; x_wconf 89' lang='lat' dir='ltr'><strong>utrum</strong></span> <span class='ocrx_word' id='word_1_302' title='bbox 1239 2621 1271 2673; x_wconf 91' lang='lat' dir='ltr'><strong>de</strong></span> 
     </span>
     <span class='ocr_line' id='line_1_28' title="bbox 104 2701 1271 2776; baseline 0 -18"><span class='ocrx_word' id='word_1_303' title='bbox 104 2705 239 2776; x_wconf 87' lang='lat' dir='ltr'><strong>prioribus</strong></span> <span class='ocrx_word' id='word_1_304' title='bbox 248 2723 282 2761; x_wconf 86' lang='lat' dir='ltr'><strong>vr.</strong></span> <span class='ocrx_word' id='word_1_305' title='bbox 294 2706 356 2759; x_wconf 87' lang='lat' dir='ltr'><strong>nuni</strong></span> <span class='ocrx_word' id='word_1_306' title='bbox 367 2705 437 2758; x_wconf 90' lang='lat' dir='ltr'><strong>illius</strong></span> <span class='ocrx_word' id='word_1_307' title='bbox 448 2705 596 2769; x_wconf 87' lang='lat' dir='ltr'><strong>mensibus,</strong></span> <span class='ocrx_word' id='word_1_308' title='bbox 608 2721 642 2758; x_wconf 87' lang='lat' dir='ltr'><strong>un</strong></span> <span class='ocrx_word' id='word_1_309' title='bbox 651 2705 682 2757; x_wconf 87' lang='lat' dir='ltr'><strong>de</strong></span> <span class='ocrx_word' id='word_1_310' title='bbox 694 2705 879 2775; x_wconf 87' lang='lat' dir='ltr'><strong>posterioribus</strong></span> <span class='ocrx_word' id='word_1_311' title='bbox 888 2705 1035 2773; x_wconf 82' lang='lat' dir='ltr'><strong>loquuntur,</strong></span> <span class='ocrx_word' id='word_1_312' title='bbox 1046 2701 1096 2756; x_wconf 92' lang='lat' dir='ltr'><strong>hoc</strong></span> <span class='ocrx_word' id='word_1_313' title='bbox 1107 2711 1148 2756; x_wconf 90' lang='lat' dir='ltr'><strong>est</strong></span> <span class='ocrx_word' id='word_1_314' title='bbox 1158 2703 1191 2758; x_wconf 91' lang='lat' dir='ltr'><strong>de</strong></span> <span class='ocrx_word' id='word_1_315' title='bbox 1202 2721 1271 2758; x_wconf 90' lang='lat' dir='ltr'><strong>anno</strong></span> 
     </span>
     <span class='ocr_line' id='line_1_29' title="bbox 104 2787 1271 2860; baseline -0.002 -16"><span class='ocrx_word' id='word_1_316' title='bbox 104 2789 208 2860; x_wconf 89' lang='lat' dir='ltr'><strong>periodi</strong></span> <span class='ocrx_word' id='word_1_317' title='bbox 223 2791 339 2844; x_wconf 84' lang='lat' dir='ltr'><strong>luliunse</strong></span> <span class='ocrx_word' id='word_1_318' title='bbox 350 2789 440 2855; x_wconf 68' lang='lat'>4154„</span> <span class='ocrx_word' id='word_1_319' title='bbox 457 2806 490 2844; x_wconf 88' lang='lat' dir='ltr'><strong>sn</strong></span> <span class='ocrx_word' id='word_1_320' title='bbox 501 2789 590 2855; x_wconf 73' lang='lat' dir='ltr'><strong>cleu,</strong></span> <span class='ocrx_word' id='word_1_321' title='bbox 606 2789 686 2843; x_wconf 90' lang='lat' dir='ltr'><strong>nihilo</strong></span> <span class='ocrx_word' id='word_1_322' title='bbox 703 2789 789 2859; x_wconf 69' lang='grc' dir='ltr'><strong>ιιιιςιι</strong></span> <span class='ocrx_word' id='word_1_323' title='bbox 805 2803 941 2860; x_wconf 77' lang='lat' dir='ltr'><strong>agnosces.</strong></span> <span class='ocrx_word' id='word_1_324' title='bbox 966 2787 1040 2851; x_wconf 82' lang='lat' dir='ltr'><strong>Quod</strong></span> <span class='ocrx_word' id='word_1_325' title='bbox 1057 2789 1080 2840; x_wconf 92' lang='lat' dir='ltr'><strong>si</strong></span> <span class='ocrx_word' id='word_1_326' title='bbox 1096 2787 1271 2860; x_wconf 86' lang='lat' dir='ltr'><strong>chronologus</strong></span> 
     </span>
     <span class='ocr_line' id='line_1_30' title="bbox 106 2872 1271 2946; baseline 0.001 -17"><span class='ocrx_word' id='word_1_327' title='bbox 106 2877 165 2940; x_wconf 89' lang='lat' dir='ltr'><strong>ille,</strong></span> <span class='ocrx_word' id='word_1_328' title='bbox 181 2876 301 2946; x_wconf 86' lang='lat' dir='ltr'><strong>quisquis</strong></span> <span class='ocrx_word' id='word_1_329' title='bbox 318 2882 370 2941; x_wconf 88' lang='lat' dir='ltr'><strong>est,</strong></span> <span class='ocrx_word' id='word_1_330' title='bbox 387 2876 475 2945; x_wconf 89' lang='lat' dir='ltr'><strong>cyclos</strong></span> <span class='ocrx_word' id='word_1_331' title='bbox 491 2875 627 2940; x_wconf 81' lang='lat' dir='ltr'><strong>addiderit,</strong></span> <span class='ocrx_word' id='word_1_332' title='bbox 645 2873 734 2928; x_wconf 83' lang='lat' dir='ltr'><strong>stetim</strong></span> <span class='ocrx_word' id='word_1_333' title='bbox 745 2879 803 2928; x_wconf 86' lang='lat' dir='ltr'><strong>utro</strong></span> <span class='ocrx_word' id='word_1_334' title='bbox 815 2889 884 2928; x_wconf 86' lang='lat' dir='ltr'><strong>suno</strong></span> <span class='ocrx_word' id='word_1_335' title='bbox 901 2873 999 2927; x_wconf 83' lang='lat' dir='ltr'><strong>iactum</strong></span> <span class='ocrx_word' id='word_1_336' title='bbox 1011 2872 1108 2928; x_wconf 87' lang='lat' dir='ltr'><strong>dixerit</strong></span> <span class='ocrx_word' id='word_1_337' title='bbox 1123 2877 1271 2930; x_wconf 84' lang='lat' dir='ltr'><strong>necessario</strong></span> 
     </span>
     <span class='ocr_line' id='line_1_31' title="bbox 106 2961 374 3016; baseline -0.007 0"><span class='ocrx_word' id='word_1_338' title='bbox 106 2961 266 3016; x_wconf 85' lang='lat' dir='ltr'><strong>docebimur.</strong></span> <span class='ocrx_word' id='word_1_339' title='bbox 371 2985 374 2990; x_wconf 91' lang='lat'>·</span> 
     </span>
    </p>

    <p class='ocr_par' dir='ltr' id='par_1_4' title="bbox 107 3044 1273 4656">
     <span class='ocr_line' id='line_1_32' title="bbox 174 3044 1271 3117; baseline 0.001 -16"><span class='ocrx_word' id='word_1_340' title='bbox 174 3047 282 3101; x_wconf 78' lang='lat' dir='ltr'><strong>Ateuim</strong></span> <span class='ocrx_word' id='word_1_341' title='bbox 292 3047 320 3100; x_wconf 90' lang='lat' dir='ltr'><strong>in</strong></span> <span class='ocrx_word' id='word_1_342' title='bbox 332 3059 401 3100; x_wconf 80' lang='lat' dir='ltr'><strong>enne</strong></span> <span class='ocrx_word' id='word_1_343' title='bbox 413 3047 501 3117; x_wconf 79' lang='lat' dir='ltr'><strong>ulique</strong></span> <span class='ocrx_word' id='word_1_344' title='bbox 516 3046 630 3116; x_wconf 86' lang='lat' dir='ltr'><strong>primum</strong></span> <span class='ocrx_word' id='word_1_345' title='bbox 647 3045 715 3115; x_wconf 88' lang='lat' dir='ltr'><strong>cycli</strong></span> <span class='ocrx_word' id='word_1_346' title='bbox 730 3044 809 3098; x_wconf 86' lang='lat' dir='ltr'><strong>delixi</strong></span> <span class='ocrx_word' id='word_1_347' title='bbox 826 3057 884 3098; x_wconf 87' lang='lat' dir='ltr'><strong>esse</strong></span> <span class='ocrx_word' id='word_1_348' title='bbox 901 3044 1008 3110; x_wconf 89' lang='lat' dir='ltr'><strong>debent,</strong></span> <span class='ocrx_word' id='word_1_349' title='bbox 1025 3061 1077 3116; x_wconf 89' lang='lat' dir='ltr'><strong>quo</strong></span> <span class='ocrx_word' id='word_1_350' title='bbox 1095 3063 1130 3100; x_wconf 90' lang='grc' dir='ltr'><strong>ιιι</strong></span> <span class='ocrx_word' id='word_1_351' title='bbox 1147 3063 1215 3102; x_wconf 80' lang='lat' dir='ltr'><strong>enno</strong></span> <span class='ocrx_word' id='word_1_352' title='bbox 1232 3065 1271 3102; x_wconf 89' lang='lat' dir='ltr'><strong>re·</strong></span> 
     </span>
     <span class='ocr_line' id='line_1_33' title="bbox 107 3131 1273 3206; baseline 0.001 -20"><span class='ocrx_word' id='word_1_353' title='bbox 107 3133 242 3202; x_wconf 88' lang='lat' dir='ltr'><strong>liquorum</strong></span> <span class='ocrx_word' id='word_1_354' title='bbox 263 3131 330 3202; x_wconf 88' lang='lat' dir='ltr'><strong>cycli</strong></span> <span class='ocrx_word' id='word_1_355' title='bbox 350 3131 488 3202; x_wconf 83' lang='lat' dir='ltr'><strong>pendeant.</strong></span> <span class='ocrx_word' id='word_1_356' title='bbox 523 3133 548 3184; x_wconf 92' lang='lat' dir='ltr'><strong>ls</strong></span> <span class='ocrx_word' id='word_1_357' title='bbox 565 3135 654 3184; x_wconf 83' lang='lat' dir='ltr'><strong>autem</strong></span> <span class='ocrx_word' id='word_1_358' title='bbox 670 3145 754 3200; x_wconf 91' lang='lat' dir='ltr'><strong>neque</strong></span> <span class='ocrx_word' id='word_1_359' title='bbox 772 3131 948 3201; x_wconf 77' lang='lat' dir='ltr'><strong>exscriptum</strong></span> <span class='ocrx_word' id='word_1_360' title='bbox 968 3147 1053 3202; x_wconf 90' lang='lat' dir='ltr'><strong>neque</strong></span> <span class='ocrx_word' id='word_1_361' title='bbox 1066 3133 1171 3187; x_wconf 81' lang='grc' dir='ltr'><strong>ιιιιιιιιιι</strong></span> <span class='ocrx_word' id='word_1_362' title='bbox 1186 3139 1273 3206; x_wconf 89' lang='lat' dir='ltr'><strong>potest</strong></span> 
     </span>
     <span class='ocr_line' id='line_1_34' title="bbox 108 3213 1272 3290; baseline 0.001 -18"><span class='ocrx_word' id='word_1_363' title='bbox 108 3219 207 3290; x_wconf 81' lang='lat' dir='ltr'><strong>colligi</strong></span> <span class='ocrx_word' id='word_1_364' title='bbox 230 3217 304 3270; x_wconf 85' lang='lat' dir='ltr'><strong>Itane</strong></span> <span class='ocrx_word' id='word_1_365' title='bbox 315 3222 396 3272; x_wconf 81' lang='lat' dir='ltr'><strong>vorot</strong></span> <span class='ocrx_word' id='word_1_366' title='bbox 418 3214 457 3271; x_wconf 92' lang='lat' dir='ltr'><strong>De</strong></span> <span class='ocrx_word' id='word_1_367' title='bbox 468 3218 549 3287; x_wconf 87' lang='lat' dir='ltr'><strong>cyclis</strong></span> <span class='ocrx_word' id='word_1_368' title='bbox 561 3218 628 3271; x_wconf 90' lang='lat' dir='ltr'><strong>inter</strong></span> <span class='ocrx_word' id='word_1_369' title='bbox 640 3213 799 3270; x_wconf 78' lang='lat' dir='ltr'><strong>Christianos</strong></span> <span class='ocrx_word' id='word_1_370' title='bbox 811 3215 887 3268; x_wconf 91' lang='lat' dir='ltr'><strong>hodie</strong></span> <span class='ocrx_word' id='word_1_371' title='bbox 898 3232 951 3269; x_wconf 91' lang='lat' dir='ltr'><strong>non</strong></span> <span class='ocrx_word' id='word_1_372' title='bbox 963 3217 1097 3283; x_wconf 89' lang='lat' dir='ltr'><strong>convenit,</strong></span> <span class='ocrx_word' id='word_1_373' title='bbox 1109 3219 1155 3288; x_wconf 89' lang='lat' dir='ltr'><strong>qui</strong></span> <span class='ocrx_word' id='word_1_374' title='bbox 1167 3221 1272 3290; x_wconf 88' lang='lat' dir='ltr'><strong>quidem</strong></span> 
     </span>
     <span class='ocr_line' id='line_1_35' title="bbox 108 3301 1271 3366; baseline 0.003 -10"><span class='ocrx_word' id='word_1_375' title='bbox 108 3317 277 3358; x_wconf 83' lang='lat' dir='ltr'><strong>communem</strong></span> <span class='ocrx_word' id='word_1_376' title='bbox 291 3301 407 3358; x_wconf 84' lang='lat' dir='ltr'><strong>matricis</strong></span> <span class='ocrx_word' id='word_1_377' title='bbox 423 3303 560 3366; x_wconf 83' lang='lat' dir='ltr'><strong>ecelesiae,</strong></span> <span class='ocrx_word' id='word_1_378' title='bbox 577 3301 627 3356; x_wconf 90' lang='lat' dir='ltr'><strong>hoc</strong></span> <span class='ocrx_word' id='word_1_379' title='bbox 644 3307 684 3354; x_wconf 89' lang='lat' dir='ltr'><strong>est</strong></span> <span class='ocrx_word' id='word_1_380' title='bbox 694 3301 840 3366; x_wconf 76' lang='grc' dir='ltr'><strong>ιιιιιιιιιι,</strong></span> <span class='ocrx_word' id='word_1_381' title='bbox 856 3317 934 3356; x_wconf 87' lang='lat' dir='ltr'><strong>usum</strong></span> <span class='ocrx_word' id='word_1_382' title='bbox 950 3302 1079 3355; x_wconf 76' lang='lat' dir='ltr'><strong>retinent?</strong></span> <span class='ocrx_word' id='word_1_383' title='bbox 1105 3303 1165 3357; x_wconf 89' lang='lat' dir='ltr'><strong>Non</strong></span> <span class='ocrx_word' id='word_1_384' title='bbox 1180 3321 1271 3358; x_wconf 88' lang='lat' dir='ltr'><strong>omnes</strong></span> 
     </span>
     <span class='ocr_line' id='line_1_36' title="bbox 108 3374 1272 3460; baseline 0.002 -18"><span class='ocrx_word' id='word_1_385' title='bbox 108 3405 209 3443; x_wconf 79' lang='lat' dir='ltr'><strong>sunum</strong></span> <span class='ocrx_word' id='word_1_386' title='bbox 221 3387 316 3442; x_wconf 80' lang='lat' dir='ltr'><strong>Christi</strong></span> <span class='ocrx_word' id='word_1_387' title='bbox 327 3374 442 3442; x_wconf 63' lang='lat' dir='ltr'><strong>natalem</strong></span> <span class='ocrx_word' id='word_1_388' title='bbox 456 3389 484 3441; x_wconf 89' lang='lat' dir='ltr'><strong>iu</strong></span> <span class='ocrx_word' id='word_1_389' title='bbox 495 3389 596 3458; x_wconf 78' lang='lat' dir='ltr'><strong>cyclum</strong></span> <span class='ocrx_word' id='word_1_390' title='bbox 613 3387 675 3440; x_wconf 85' lang='lat' dir='ltr'><strong>solis</strong></span> <span class='ocrx_word' id='word_1_391' title='bbox 687 3405 736 3452; x_wconf 65' lang='grc' dir='ltr'><strong>ιι,</strong></span> <span class='ocrx_word' id='word_1_392' title='bbox 751 3387 829 3440; x_wconf 86' lang='lat' dir='ltr'><strong>lunue</strong></span> <span class='ocrx_word' id='word_1_393' title='bbox 840 3405 858 3440; x_wconf 94' lang='lat'><strong>1.</strong></span> <span class='ocrx_word' id='word_1_394' title='bbox 871 3387 1024 3442; x_wconf 74' lang='lat' dir='ltr'><strong>conterunt?</strong></span> <span class='ocrx_word' id='word_1_395' title='bbox 1047 3387 1110 3452; x_wconf 81' lang='lat' dir='ltr'><strong>Quis</strong></span> <span class='ocrx_word' id='word_1_396' title='bbox 1123 3392 1232 3460; x_wconf 89' lang='lat' dir='ltr'><strong>estqui,</strong></span> <span class='ocrx_word' id='word_1_397' title='bbox 1249 3391 1272 3444; x_wconf 88' lang='lat' dir='ltr'><strong>si</strong></span> 
     </span>
     <span class='ocr_line' id='line_1_37' title="bbox 108 3471 1272 3543; baseline 0.002 -15"><span class='ocrx_word' id='word_1_398' title='bbox 108 3473 174 3528; x_wconf 78' lang='lat' dir='ltr'><strong>edos</strong></span> <span class='ocrx_word' id='word_1_399' title='bbox 186 3475 215 3528; x_wconf 92' lang='lat' dir='ltr'><strong>in</strong></span> <span class='ocrx_word' id='word_1_400' title='bbox 226 3474 279 3528; x_wconf 83' lang='lat' dir='ltr'><strong>iste</strong></span> <span class='ocrx_word' id='word_1_401' title='bbox 288 3471 410 3528; x_wconf 85' lang='lat' dir='ltr'><strong>methodo</strong></span> <span class='ocrx_word' id='word_1_402' title='bbox 423 3474 510 3543; x_wconf 87' lang='lat' dir='ltr'><strong>cyclos</strong></span> <span class='ocrx_word' id='word_1_403' title='bbox 523 3473 654 3537; x_wconf 87' lang='lat' dir='ltr'><strong>statuerit,</strong></span> <span class='ocrx_word' id='word_1_404' title='bbox 669 3489 722 3525; x_wconf 90' lang='lat' dir='ltr'><strong>non</strong></span> <span class='ocrx_word' id='word_1_405' title='bbox 730 3471 772 3524; x_wconf 89' lang='lat' dir='ltr'><strong>vel</strong></span> <span class='ocrx_word' id='word_1_406' title='bbox 788 3473 822 3526; x_wconf 85' lang='lat' dir='ltr'><strong>ub</strong></span> <span class='ocrx_word' id='word_1_407' title='bbox 838 3472 1117 3542; x_wconf 79' lang='lat' dir='ltr'><strong>logisticsreiellsturl</strong></span> <span class='ocrx_word' id='word_1_408' title='bbox 1140 3475 1272 3530; x_wconf 85' lang='lat' dir='ltr'><strong>Habemus</strong></span> 
     </span>
     <span class='ocr_line' id='line_1_38' title="bbox 110 3555 1271 3630; baseline 0.002 -18"><span class='ocrx_word' id='word_1_409' title='bbox 110 3561 191 3630; x_wconf 75' lang='lat' dir='ltr'><strong>igitur</strong></span> <span class='ocrx_word' id='word_1_410' title='bbox 203 3560 231 3613; x_wconf 90' lang='lat' dir='ltr'><strong>in</strong></span> <span class='ocrx_word' id='word_1_411' title='bbox 244 3573 305 3612; x_wconf 86' lang='lat' dir='ltr'><strong>aern</strong></span> <span class='ocrx_word' id='word_1_412' title='bbox 315 3555 478 3628; x_wconf 82' lang='lat' dir='ltr'><strong>Dionysisns</strong></span> <span class='ocrx_word' id='word_1_413' title='bbox 488 3563 570 3612; x_wconf 81' lang='lat' dir='ltr'><strong>statos</strong></span> <span class='ocrx_word' id='word_1_414' title='bbox 582 3564 608 3612; x_wconf 93' lang='lat' dir='ltr'><strong>et</strong></span> <span class='ocrx_word' id='word_1_415' title='bbox 617 3557 687 3612; x_wconf 84' lang='lat' dir='ltr'><strong>fixos</strong></span> <span class='ocrx_word' id='word_1_416' title='bbox 703 3573 832 3610; x_wconf 83' lang='lat' dir='ltr'><strong>sonorum</strong></span> <span class='ocrx_word' id='word_1_417' title='bbox 847 3558 948 3626; x_wconf 86' lang='lat' dir='ltr'><strong>cyclos,</strong></span> <span class='ocrx_word' id='word_1_418' title='bbox 965 3571 982 3610; x_wconf 81' lang='lat' dir='ltr'><strong>u</strong></span> <span class='ocrx_word' id='word_1_419' title='bbox 997 3560 1090 3628; x_wconf 90' lang='lat' dir='ltr'><strong>quibus</strong></span> <span class='ocrx_word' id='word_1_420' title='bbox 1107 3567 1160 3613; x_wconf 84' lang='lat' dir='ltr'><strong>tarn</strong></span> <span class='ocrx_word' id='word_1_421' title='bbox 1178 3562 1210 3614; x_wconf 82' lang='lat' dir='ltr'><strong>ad</strong></span> <span class='ocrx_word' id='word_1_422' title='bbox 1228 3579 1271 3614; x_wconf 91' lang='lat' dir='ltr'><strong>su·</strong></span> 
     </span>
     <span class='ocr_line' id='line_1_39' title="bbox 109 3641 1273 3716; baseline 0.001 -17"><span class='ocrx_word' id='word_1_423' title='bbox 109 3647 214 3716; x_wconf 78' lang='lat' dir='ltr'><strong>periers</strong></span> <span class='ocrx_word' id='word_1_424' title='bbox 223 3659 303 3716; x_wconf 81' lang='lat' dir='ltr'><strong>quam</strong></span> <span class='ocrx_word' id='word_1_425' title='bbox 314 3643 348 3698; x_wconf 80' lang='lat' dir='ltr'><strong>nd</strong></span> <span class='ocrx_word' id='word_1_426' title='bbox 359 3643 483 3698; x_wconf 83' lang='lat' dir='ltr'><strong>lnioriors</strong></span> <span class='ocrx_word' id='word_1_427' title='bbox 493 3649 612 3716; x_wconf 82' lang='lat' dir='ltr'><strong>ternpore.</strong></span> <span class='ocrx_word' id='word_1_428' title='bbox 622 3641 742 3714; x_wconf 82' lang='lat' dir='ltr'><strong>progredi</strong></span> <span class='ocrx_word' id='word_1_429' title='bbox 753 3643 781 3696; x_wconf 86' lang='lat' dir='ltr'><strong>in</strong></span> <span class='ocrx_word' id='word_1_430' title='bbox 792 3642 924 3695; x_wconf 87' lang='lat' dir='ltr'><strong>infinitum</strong></span> <span class='ocrx_word' id='word_1_431' title='bbox 932 3643 1005 3696; x_wconf 89' lang='lat' dir='ltr'><strong>licet:</strong></span> <span class='ocrx_word' id='word_1_432' title='bbox 1017 3659 1102 3714; x_wconf 86' lang='lat' dir='ltr'><strong>neque</strong></span> <span class='ocrx_word' id='word_1_433' title='bbox 1113 3661 1221 3700; x_wconf 84' lang='lat' dir='ltr'><strong>necesse</strong></span> <span class='ocrx_word' id='word_1_434' title='bbox 1232 3653 1273 3700; x_wconf 85' lang='lat' dir='ltr'><strong>est</strong></span> 
     </span>
     <span class='ocr_line' id='line_1_40' title="bbox 110 3727 1272 3800; baseline 0.001 -16"><span class='ocrx_word' id='word_1_435' title='bbox 110 3733 181 3786; x_wconf 78' lang='lat' dir='ltr'><strong>ides</strong></span> <span class='ocrx_word' id='word_1_436' title='bbox 194 3729 274 3784; x_wconf 84' lang='lat' dir='ltr'><strong>uilius</strong></span> <span class='ocrx_word' id='word_1_437' title='bbox 293 3729 442 3783; x_wconf 82' lang='lat' dir='ltr'><strong>testimonio</strong></span> <span class='ocrx_word' id='word_1_438' title='bbox 458 3729 591 3800; x_wconf 88' lang='lat' dir='ltr'><strong>scriptoris</strong></span> <span class='ocrx_word' id='word_1_439' title='bbox 604 3730 646 3782; x_wconf 84' lang='lat' dir='ltr'><strong>vel</strong></span> <span class='ocrx_word' id='word_1_440' title='bbox 661 3728 751 3798; x_wconf 87' lang='lat' dir='ltr'><strong>eclipsi</strong></span> <span class='ocrx_word' id='word_1_441' title='bbox 766 3742 800 3780; x_wconf 88' lang='lat' dir='ltr'><strong>ex</strong></span> <span class='ocrx_word' id='word_1_442' title='bbox 817 3727 905 3796; x_wconf 79' lang='lat' dir='ltr'><strong>aliqua</strong></span> <span class='ocrx_word' id='word_1_443' title='bbox 921 3735 1051 3796; x_wconf 87' lang='lat' dir='ltr'><strong>constnre,</strong></span> <span class='ocrx_word' id='word_1_444' title='bbox 1068 3747 1127 3784; x_wconf 89' lang='lat' dir='ltr'><strong>cum</strong></span> <span class='ocrx_word' id='word_1_445' title='bbox 1143 3747 1272 3785; x_wconf 88' lang='lat' dir='ltr'><strong>consensu</strong></span> 
     </span>
     <span class='ocr_line' id='line_1_41' title="bbox 110 3811 1271 3888; baseline 0 -18"><span class='ocrx_word' id='word_1_446' title='bbox 110 3818 229 3872; x_wconf 81' lang='lat' dir='ltr'><strong>omniurn</strong></span> <span class='ocrx_word' id='word_1_447' title='bbox 245 3813 363 3869; x_wconf 75' lang='lat' dir='ltr'><strong>stubilits</strong></span> <span class='ocrx_word' id='word_1_448' title='bbox 380 3815 414 3868; x_wconf 86' lang='lat' dir='ltr'><strong>sit</strong></span> <span class='ocrx_word' id='word_1_449' title='bbox 427 3815 479 3868; x_wconf 78' lang='lat' dir='ltr'><strong>ists</strong></span> <span class='ocrx_word' id='word_1_450' title='bbox 489 3813 627 3870; x_wconf 84' lang='lat' dir='ltr'><strong>methodus</strong></span> <span class='ocrx_word' id='word_1_451' title='bbox 639 3819 665 3866; x_wconf 90' lang='lat' dir='ltr'><strong>et</strong></span> <span class='ocrx_word' id='word_1_452' title='bbox 676 3813 703 3866; x_wconf 90' lang='lat' dir='ltr'><strong>in</strong></span> <span class='ocrx_word' id='word_1_453' title='bbox 715 3827 792 3865; x_wconf 89' lang='lat' dir='ltr'><strong>usum</strong></span> <span class='ocrx_word' id='word_1_454' title='bbox 804 3811 922 3866; x_wconf 84' lang='lat' dir='ltr'><strong>deducta.</strong></span> <span class='ocrx_word' id='word_1_455' title='bbox 944 3813 1077 3868; x_wconf 87' lang='lat' dir='ltr'><strong>Postremo</strong></span> <span class='ocrx_word' id='word_1_456' title='bbox 1088 3816 1152 3869; x_wconf 88' lang='lat' dir='ltr'><strong>illud</strong></span> <span class='ocrx_word' id='word_1_457' title='bbox 1163 3817 1271 3888; x_wconf 91' lang='lat' dir='ltr'><strong>opponi·</strong></span> 
     </span>
     <span class='ocr_line' id='line_1_42' title="bbox 108 3895 1270 3972; baseline 0 -18"><span class='ocrx_word' id='word_1_458' title='bbox 108 3907 159 3968; x_wconf 85' lang='lat' dir='ltr'><strong>tur,</strong></span> <span class='ocrx_word' id='word_1_459' title='bbox 176 3899 249 3972; x_wconf 85' lang='lat' dir='ltr'><strong>quod</strong></span> <span class='ocrx_word' id='word_1_460' title='bbox 266 3901 299 3954; x_wconf 82' lang='lat' dir='ltr'><strong>ad</strong></span> <span class='ocrx_word' id='word_1_461' title='bbox 315 3901 446 3970; x_wconf 84' lang='lat' dir='ltr'><strong>cyclorum</strong></span> <span class='ocrx_word' id='word_1_462' title='bbox 462 3915 493 3953; x_wconf 88' lang='lat' dir='ltr'><strong>uc</strong></span> <span class='ocrx_word' id='word_1_463' title='bbox 509 3899 659 3954; x_wconf 85' lang='lat' dir='ltr'><strong>coelestium</strong></span> <span class='ocrx_word' id='word_1_464' title='bbox 671 3899 787 3951; x_wconf 87' lang='lat' dir='ltr'><strong>omnium</strong></span> <span class='ocrx_word' id='word_1_465' title='bbox 801 3895 951 3969; x_wconf 77' lang='grc' dir='ltr'><strong>φαινομένων</strong></span> <span class='ocrx_word' id='word_1_466' title='bbox 963 3900 1113 3953; x_wconf 81' lang='lat' dir='ltr'><strong>elevandum</strong></span> <span class='ocrx_word' id='word_1_467' title='bbox 1124 3901 1203 3954; x_wconf 88' lang='lat' dir='ltr'><strong>fidem</strong></span> <span class='ocrx_word' id='word_1_468' title='bbox 1215 3919 1270 3972; x_wconf 92' lang='lat' dir='ltr'><strong>per-</strong></span> 
     </span>
     <span class='ocr_line' id='line_1_43' title="bbox 108 3981 1271 4056; baseline 0 -16"><span class='ocrx_word' id='word_1_469' title='bbox 108 3987 182 4042; x_wconf 86' lang='lat' dir='ltr'><strong>tinet.</strong></span> <span class='ocrx_word' id='word_1_470' title='bbox 208 3981 276 4040; x_wconf 79' lang='lat' dir='ltr'><strong>biam</strong></span> <span class='ocrx_word' id='word_1_471' title='bbox 292 3999 354 4040; x_wconf 88' lang='lat' dir='ltr'><strong>cum</strong></span> <span class='ocrx_word' id='word_1_472' title='bbox 369 3985 477 4056; x_wconf 89' lang='lat' dir='ltr'><strong>eclipsin</strong></span> <span class='ocrx_word' id='word_1_473' title='bbox 493 3985 608 4056; x_wconf 75' lang='lat' dir='ltr'><strong>aliquem</strong></span> <span class='ocrx_word' id='word_1_474' title='bbox 619 3984 724 4038; x_wconf 77' lang='lat' dir='ltr'><strong>Tectum</strong></span> <span class='ocrx_word' id='word_1_475' title='bbox 735 3988 811 4054; x_wconf 85' lang='lat' dir='ltr'><strong>puts,</strong></span> <span class='ocrx_word' id='word_1_476' title='bbox 827 3983 869 4036; x_wconf 91' lang='lat' dir='ltr'><strong>vel</strong></span> <span class='ocrx_word' id='word_1_477' title='bbox 880 3983 942 4049; x_wconf 83' lang='lat' dir='ltr'><strong>Dio,</strong></span> <span class='ocrx_word' id='word_1_478' title='bbox 958 3989 1027 4038; x_wconf 89' lang='lat' dir='ltr'><strong>certo</strong></span> <span class='ocrx_word' id='word_1_479' title='bbox 1043 4001 1111 4038; x_wconf 91' lang='lat' dir='ltr'><strong>anno</strong></span> <span class='ocrx_word' id='word_1_480' title='bbox 1129 3987 1271 4056; x_wconf 81' lang='lat' dir='ltr'><strong>contigisse</strong></span> 
     </span>
     <span class='ocr_line' id='line_1_44' title="bbox 109 4068 1272 4141; baseline 0.002 -17"><span class='ocrx_word' id='word_1_481' title='bbox 109 4075 230 4136; x_wconf 78' lang='lat' dir='ltr'><strong>nnmnnt,</strong></span> <span class='ocrx_word' id='word_1_482' title='bbox 241 4070 335 4124; x_wconf 83' lang='lat' dir='ltr'><strong>horum</strong></span> <span class='ocrx_word' id='word_1_483' title='bbox 343 4071 499 4141; x_wconf 86' lang='lat' dir='ltr'><strong>scriptorum</strong></span> <span class='ocrx_word' id='word_1_484' title='bbox 508 4069 685 4124; x_wconf 84' lang='lat' dir='ltr'><strong>testimonium</strong></span> <span class='ocrx_word' id='word_1_485' title='bbox 693 4069 772 4122; x_wconf 86' lang='lat' dir='ltr'><strong>iidem</strong></span> <span class='ocrx_word' id='word_1_486' title='bbox 781 4085 834 4122; x_wconf 89' lang='lat' dir='ltr'><strong>aen</strong></span> <span class='ocrx_word' id='word_1_487' title='bbox 842 4068 1168 4124; x_wconf 83' lang='lat' dir='ltr'><strong>iseithumenamuiorem.</strong></span> <span class='ocrx_word' id='word_1_488' title='bbox 1186 4071 1272 4135; x_wconf 71' lang='lat' dir='ltr'><strong>Quare</strong></span> 
     </span>
     <span class='ocr_line' id='line_1_45' title="bbox 111 4154 1271 4227; baseline 0 -16"><span class='ocrx_word' id='word_1_489' title='bbox 111 4157 180 4227; x_wconf 69' lang='lat' dir='ltr'><strong>quod</strong></span> <span class='ocrx_word' id='word_1_490' title='bbox 195 4155 312 4210; x_wconf 83' lang='lat' dir='ltr'><strong>indidem</strong></span> <span class='ocrx_word' id='word_1_491' title='bbox 329 4157 442 4222; x_wconf 76' lang='lat' dir='ltr'><strong>eliebur,</strong></span> <span class='ocrx_word' id='word_1_492' title='bbox 461 4162 560 4210; x_wconf 82' lang='lat' dir='ltr'><strong>tentam</strong></span> <span class='ocrx_word' id='word_1_493' title='bbox 577 4155 656 4208; x_wconf 78' lang='lat' dir='ltr'><strong>hebet</strong></span> <span class='ocrx_word' id='word_1_494' title='bbox 671 4155 863 4219; x_wconf 89' lang='lat' dir='ltr'><strong>certitudinem,</strong></span> <span class='ocrx_word' id='word_1_495' title='bbox 881 4159 979 4224; x_wconf 82' lang='lat' dir='ltr'><strong>quante</strong></span> <span class='ocrx_word' id='word_1_496' title='bbox 994 4154 1111 4208; x_wconf 87' lang='lat' dir='ltr'><strong>historici</strong></span> <span class='ocrx_word' id='word_1_497' title='bbox 1127 4157 1195 4210; x_wconf 85' lang='lat' dir='ltr'><strong>illius</strong></span> <span class='ocrx_word' id='word_1_498' title='bbox 1213 4174 1271 4212; x_wconf 89' lang='lat' dir='ltr'><strong>esse</strong></span> 
     </span>
     <span class='ocr_line' id='line_1_46' title="bbox 110 4239 1272 4314; baseline 0 -17"><span class='ocrx_word' id='word_1_499' title='bbox 110 4249 208 4314; x_wconf 82' lang='lat' dir='ltr'><strong>petest,</strong></span> <span class='ocrx_word' id='word_1_500' title='bbox 220 4243 267 4312; x_wconf 89' lang='lat' dir='ltr'><strong>qui</strong></span> <span class='ocrx_word' id='word_1_501' title='bbox 277 4240 304 4295; x_wconf 93' lang='lat' dir='ltr'><strong>id</strong></span> <span class='ocrx_word' id='word_1_502' title='bbox 315 4241 439 4310; x_wconf 81' lang='lat' dir='ltr'><strong>affirmat,</strong></span> <span class='ocrx_word' id='word_1_503' title='bbox 456 4242 590 4296; x_wconf 84' lang='lat' dir='ltr'><strong>suteritns.</strong></span> <span class='ocrx_word' id='word_1_504' title='bbox 613 4241 653 4294; x_wconf 81' lang='lat' dir='ltr'><strong>lix</strong></span> <span class='ocrx_word' id='word_1_505' title='bbox 666 4239 759 4310; x_wconf 88' lang='lat' dir='ltr'><strong>quibus</strong></span> <span class='ocrx_word' id='word_1_506' title='bbox 772 4255 826 4292; x_wconf 91' lang='lat' dir='ltr'><strong>non</strong></span> <span class='ocrx_word' id='word_1_507' title='bbox 837 4239 1000 4293; x_wconf 89' lang='lat' dir='ltr'><strong>mediocriter</strong></span> <span class='ocrx_word' id='word_1_508' title='bbox 1011 4241 1130 4294; x_wconf 87' lang='lat' dir='ltr'><strong>aberrare</strong></span> <span class='ocrx_word' id='word_1_509' title='bbox 1141 4244 1272 4297; x_wconf 84' lang='lat' dir='ltr'><strong>contendit</strong></span> 
     </span>
     <span class='ocr_line' id='line_1_47' title="bbox 111 4325 1270 4397; baseline 0.003 -16"><span class='ocrx_word' id='word_1_510' title='bbox 111 4345 155 4381; x_wconf 87' lang='lat' dir='ltr'><strong>sos</strong></span> <span class='ocrx_word' id='word_1_511' title='bbox 167 4327 317 4397; x_wconf 81' lang='lat' dir='ltr'><strong>omnesqui</strong></span> <span class='ocrx_word' id='word_1_512' title='bbox 329 4341 362 4381; x_wconf 81' lang='lat' dir='ltr'><strong>ex</strong></span> <span class='ocrx_word' id='word_1_513' title='bbox 373 4326 521 4382; x_wconf 86' lang='lat' dir='ltr'><strong>istiusmodi</strong></span> <span class='ocrx_word' id='word_1_514' title='bbox 536 4327 613 4380; x_wconf 87' lang='lat' dir='ltr'><strong>rebus</strong></span> <span class='ocrx_word' id='word_1_515' title='bbox 625 4325 859 4380; x_wconf 81' lang='lat' dir='ltr'><strong>demonstrationes</strong></span> <span class='ocrx_word' id='word_1_516' title='bbox 875 4325 1029 4394; x_wconf 83' lang='lat' dir='ltr'><strong>pollicentur</strong></span> <span class='ocrx_word' id='word_1_517' title='bbox 1043 4334 1070 4378; x_wconf 90' lang='lat' dir='ltr'><strong>et</strong></span> <span class='ocrx_word' id='word_1_518' title='bbox 1086 4326 1118 4380; x_wconf 91' lang='lat' dir='ltr'><strong>de</strong></span> <span class='ocrx_word' id='word_1_519' title='bbox 1130 4328 1221 4383; x_wconf 89' lang='lat' dir='ltr'><strong>diebus</strong></span> <span class='ocrx_word' id='word_1_520' title='bbox 1232 4335 1270 4384; x_wconf 83' lang='lat' dir='ltr'><strong>ut-</strong></span> 
     </span>
     <span class='ocr_line' id='line_1_48' title="bbox 113 4410 1270 4484; baseline 0.002 -18"><span class='ocrx_word' id='word_1_521' title='bbox 113 4429 165 4484; x_wconf 76' lang='lat' dir='ltr'><strong>qne</strong></span> <span class='ocrx_word' id='word_1_522' title='bbox 180 4413 253 4468; x_wconf 88' lang='lat' dir='ltr'><strong>horis</strong></span> <span class='ocrx_word' id='word_1_523' title='bbox 269 4429 334 4466; x_wconf 79' lang='lat' dir='ltr'><strong>snus</strong></span> <span class='ocrx_word' id='word_1_524' title='bbox 353 4411 463 4467; x_wconf 88' lang='lat' dir='ltr'><strong>tidenter</strong></span> <span class='ocrx_word' id='word_1_525' title='bbox 481 4411 666 4482; x_wconf 83' lang='lat' dir='ltr'><strong>pronuncient,</strong></span> <span class='ocrx_word' id='word_1_526' title='bbox 682 4417 808 4480; x_wconf 76' lang='lat' dir='ltr'><strong>tanquam</strong></span> <span class='ocrx_word' id='word_1_527' title='bbox 824 4425 906 4480; x_wconf 89' lang='lat' dir='ltr'><strong>nuper</strong></span> <span class='ocrx_word' id='word_1_528' title='bbox 923 4419 957 4462; x_wconf 85' lang='lat' dir='ltr'><strong>ex</strong></span> <span class='ocrx_word' id='word_1_529' title='bbox 974 4410 1080 4464; x_wconf 88' lang='lat' dir='ltr'><strong>deornm</strong></span> <span class='ocrx_word' id='word_1_530' title='bbox 1099 4415 1208 4469; x_wconf 90' lang='lat' dir='ltr'><strong>concilio</strong></span> <span class='ocrx_word' id='word_1_531' title='bbox 1225 4421 1270 4470; x_wconf 88' lang='lat' dir='ltr'><strong>aut</strong></span> 
     </span>
     <span class='ocr_line' id='line_1_49' title="bbox 113 4495 1269 4569; baseline 0.003 -17"><span class='ocrx_word' id='word_1_532' title='bbox 113 4497 294 4553; x_wconf 71' lang='lat' dir='ltr'><strong>¹nrteruruncliis</strong></span> <span class='ocrx_word' id='word_1_533' title='bbox 305 4497 410 4569; x_wconf 83' lang='lat' dir='ltr'><strong>lipicuri</strong></span> <span class='ocrx_word' id='word_1_534' title='bbox 421 4497 604 4552; x_wconf 87' lang='lat' dir='ltr'><strong>descenderint.</strong></span> <span class='ocrx_word' id='word_1_535' title='bbox 622 4495 663 4550; x_wconf 82' lang='lat' dir='ltr'><strong>its</strong></span> <span class='ocrx_word' id='word_1_536' title='bbox 673 4496 742 4550; x_wconf 89' lang='lat' dir='ltr'><strong>enim</strong></span> <span class='ocrx_word' id='word_1_537' title='bbox 755 4496 834 4549; x_wconf 86' lang='lat' dir='ltr'><strong>iocari</strong></span> <span class='ocrx_word' id='word_1_538' title='bbox 845 4496 939 4560; x_wconf 89' lang='lat' dir='ltr'><strong>voluit,</strong></span> <span class='ocrx_word' id='word_1_539' title='bbox 951 4496 1019 4566; x_wconf 82' lang='lat' dir='ltr'><strong>quod</strong></span> <span class='ocrx_word' id='word_1_540' title='bbox 1032 4513 1137 4552; x_wconf 89' lang='lat' dir='ltr'><strong>necesse</strong></span> <span class='ocrx_word' id='word_1_541' title='bbox 1149 4517 1201 4554; x_wconf 87' lang='lat' dir='ltr'><strong>non</strong></span> <span class='ocrx_word' id='word_1_542' title='bbox 1213 4501 1269 4554; x_wconf 82' lang='lat' dir='ltr'><strong>init</strong></span> 
     </span>
     <span class='ocr_line' id='line_1_50' title="bbox 113 4579 1269 4656; baseline 0.002 -18"><span class='ocrx_word' id='word_1_543' title='bbox 113 4581 208 4638; x_wconf 74' lang='lat' dir='ltr'><strong>Vm</strong></span> <span class='ocrx_word' id='word_1_544' title='bbox 219 4584 283 4656; x_wconf 88' lang='lat' dir='ltr'><strong>quid</strong></span> <span class='ocrx_word' id='word_1_545' title='bbox 300 4583 364 4638; x_wconf 80' lang='lat' dir='ltr'><strong>illud</strong></span> <span class='ocrx_word' id='word_1_546' title='bbox 379 4591 433 4650; x_wconf 87' lang='lat' dir='ltr'><strong>est,</strong></span> <span class='ocrx_word' id='word_1_547' title='bbox 450 4599 561 4655; x_wconf 81' lang='lat' dir='ltr'><strong>quaeso,</strong></span> <span class='ocrx_word' id='word_1_548' title='bbox 576 4582 645 4654; x_wconf 86' lang='lat' dir='ltr'><strong>quod</strong></span> <span class='ocrx_word' id='word_1_549' title='bbox 661 4583 720 4637; x_wconf 87' lang='lat' dir='ltr'><strong>istic</strong></span> <span class='ocrx_word' id='word_1_550' title='bbox 735 4580 830 4636; x_wconf 75' lang='lat' dir='ltr'><strong>sudio?</strong></span> <span class='ocrx_word' id='word_1_551' title='bbox 852 4579 910 4636; x_wconf 86' lang='lat' dir='ltr'><strong>lion</strong></span> <span class='ocrx_word' id='word_1_552' title='bbox 922 4581 1019 4637; x_wconf 81' lang='lat' dir='ltr'><strong>habent</strong></span> <span class='ocrx_word' id='word_1_553' title='bbox 1028 4585 1269 4640; x_wconf 81' lang='lat' dir='ltr'><strong>matbematicorum</strong></span> 
     </span>
    </p>
   </div>
   <div class='ocr_carea' id='block_1_3' title="bbox 165 4686 1069 4740">
    <p class='ocr_par' dir='ltr' id='par_1_5' title="bbox 165 4686 1069 4740">
     <span class='ocr_line' id='line_1_51' title="bbox 165 4686 1069 4740; baseline 0.004 -11"><span class='ocrx_word' id='word_1_554' title='bbox 165 4687 407 4740; x_wconf 62' lang='lat' dir='ltr'><strong>ceremonensem</strong></span> <span class='ocrx_word' id='word_1_555' title='bbox 1046 4686 1069 4739; x_wconf 88' lang='lat' dir='ltr'><strong>G</strong></span> 
     </span>
    </p>
   </div>
   <div class='ocr_carea' id='block_1_4' title="bbox 0 0 1582 5044">
    <p class='ocr_par' dir='ltr' id='par_1_6' title="bbox 0 0 1582 5044">
     <span class='ocr_line' id='line_1_52' title="bbox 0 0 1582 5044; baseline 0 0"><span class='ocrx_word' id='word_1_556' title='bbox 0 0 1582 5044; x_wconf 95' lang='lat' dir='ltr'><strong> </strong></span> 
     </span>
    </p>
   </div>
  </div>
 </body>
</html>
