3138 5044
239 251 243 262 ’
304 283 423 344 cumr

302 445 369 498 Sum
377 445 448 498 euim
454 445 590 500 Anatolius
599 445 741 516 scripseritr
755 443 792 497 tio
802 445 842 496 rai
851 445 907 507 τοὺς
918 443 942 497 ἐν
951 444 1021 516 αὐτῷ
1030 443 1166 514 τιθεμένους
1174 441 1217 496 τἰν
1226 447 1326 515 πρῶτον
1339 448 1412 516 μῆνα,
1423 445 1460 496 sui
1549 413 1550 508 1

301 529 344 596 τὴν
354 529 611 600 εερσαριςιιαιδιιιάτην
623 535 667 583 τοῦ
679 528 764 602 πάσχα
776 529 830 582 κατ’
840 527 915 598 airis
927 529 1098 602 λαμβάνοντας
1110 527 1139 582 οὗ
1152 533 1257 600 μικρῶς,
1269 529 1324 583 ooe’
1335 530 1371 592 ὡς
1382 529 1461 600 ἔτυχεν

301 613 444 686 ἁμαρτάνειν
457 615 543 686 φαμέν.
578 617 633 670 Hoc
646 623 696 670 eet:
716 617 776 668 Oura
781 625 922 687 postrorum
931 622 1022 670 messis
1032 619 1191 687 clamoreque
1202 619 1306 670 codices·
1314 625 1462 687 sequester·
1549 633 1550 700 q

296 703 414 771 proriae
422 705 503 772 τμῆνα
510 704 581 755 istud
588 700 723 772 ἰσημερινὸν
733 705 875 766 aretecedut,
888 703 1044 756 misercatur
1053 703 1213 756 hallucinari
1220 721 1320 756 maesse
1328 711 1368 756 eet
1376 707 1463 773 eosqui
1549 723 1550 734 ι

295 791 408 856 prsiouru
420 803 525 840 messem
543 797 568 840 et
577 805 631 843 xxv.
638 787 774 858 paucitatis
786 792 812 840 iu
823 789 868 842 ilio
879 792 962 858 utique
970 797 1097 858 posterum
1106 797 1229 858 aequoreo
1238 791 1374 842 cumcunl.
1399 787 1463 842 Nam

300 885 347 942 pro
360 869 414 923 κατ’
427 871 510 942 αὐτὴν,
524 871 580 925 κατ’
591 871 652 924 utr'o
663 873 802 943 legendum
814 891 884 940 esee,
900 891 990 939 nemo,
1006 879 1037 926 ut
1048 873 1147 944 opinor,
1158 875 1304 944 negaverit,
1321 891 1384 928 oum
1395 873 1463 938 ham,

300 959 421 1028 inquam,
433 957 511 1012 lanius
522 960 572 1013 loci
584 960 764 1014 renuntiarit.
794 959 916 1014 Rufflnus
927 961 965 1013 its
976 960 1062 1013 vertite
1079 959 1116 1013 Er
1125 962 1182 1012 ideo
1194 977 1242 1012 eoa
1250 977 1345 1030 puram
1359 964 1464 1013 Meu

301 1043 445 1114 delinquere
463 1061 515 1109 eoa,
533 1049 651 1114 quiante
666 1049 764 1098 tritiora
780 1045 828 1098 too
845 1050 904 1098 noui
920 1050 985 1099 curri
994 1046 1098 1116 porcio
1109 1053 1204 1115 putuut
1214 1063 1267 1098 esee
1278 1045 1463 1099 celebrandum.

301 1127 351 1182 Uol
362 1127 426 1182 haec
435 1129 515 1183 verbs
527 1130 567 1182 aul
579 1130 621 1198 τὴν
633 1147 768 1200 usucapere.
778 1135 823 1183 roi
832 1129 930 1203 πάσχα,
943 1147 973 1184 so
985 1129 1178 1202 superadulta
1187 1131 1349 1184 mendenen
1362 1146 1465 1185 omnem

301 1212 507 1284 flagitiosissimo
528 1211 640 1270 sustulit.
674 1216 753 1286 Atqui
770 1219 909 1287 expunctis
926 1218 1017 1288 paucis
1034 1217 1087 1270 iilis
1104 1217 1204 1270 voculis
1223 1217 1292 1270 falsa
1310 1221 1338 1269 et
1354 1217 1466 1272 ubam&

301 1299 443 1364 saumatis,
460 1317 490 1353 ae
506 1317 559 1354 non
576 1301 653 1356 modo
666 1303 779 1356 Anatolii
790 1303 905 1368 decreto,
922 1304 968 1356 sed
980 1309 1006 1356 ot
1017 1301 1144 1356 catholico
1157 1303 1275 1374 dogmati
1285 1304 1417 1356 ecnuaria
1428 1319 1465 1355 se

301 1385 396 1455 quitur,
412 1387 534 1440 nimirum
549 1385 646 1457 pascha
663 1388 690 1441 ln
707 1387 777 1440 civili
793 1389 951 1458 aequinoctii
967 1387 1008 1440 die
1022 1393 1101 1457 atque
1113 1389 1206 1458 inipso
1218 1389 1328 1442 termino
1339 1389 1465 1442 celebrari

300 1485 386 1540 posse.
412 1471 479 1535 Quid
491 1477 530 1524 ost
540 1473 603 1526 luna
615 1486 666 1526 ιιι.
678 1472 824 1544 paschalis?
846 1473 885 1526 lia
895 1474 1032 1538 nimirum,
1049 1489 1116 1543 quae
1131 1479 1176 1526 aut
1186 1474 1214 1526 iu
1226 1475 1387 1544 aequinoctii
1398 1471 1466 1526 diem

300 1557 388 1626 ipsum
399 1557 500 1622 incidit,
517 1558 690 1630 estproximo
702 1560 868 1630 poetipsum.
903 1558 978 1622 Quod
991 1559 1060 1612 onim
1071 1565 1131 1630 post
1142 1555 1348 1628 aequinoctium,
1367 1575 1422 1612 non
1437 1561 1463 1612 in

298 1642 356 1712 ipso
366 1643 528 1712 aequinoctio
544 1644 720 1714 peragendum
734 1661 792 1697 osse
805 1643 903 1714 pascha
917 1650 991 1714 putet
1000 1645 1148 1709 matulina,
1165 1649 1253 1714 oporto
1262 1644 1354 1698 eodem
1366 1645 1394 1698 in
1404 1646 1462 1698 loco

300 1726 442 1796 prestetur,
459 1742 517 1782 cum
534 1727 584 1783 hoo
596 1731 693 1800 ipsum,
710 1731 778 1800 quod
795 1730 827 1783 de
841 1728 973 1801 paschatis
990 1730 1171 1784 observatione
1188 1729 1338 1800 scripserat,
1354 1729 1465 1783 ledaeos

300 1818 372 1866 tanto
390 1819 450 1868 anto
465 1816 651 1885 pronunciasse
669 1815 742 1880 dicit;
757 1816 886 1869 videlicet:
909 1816 958 1867 teto
975 1813 1006 1866 τὰ
1022 1815 1167 1885 tropaeique
1184 1815 1246 1866 diere
1261 1811 1344 1880 ἐπίσης
1358 1813 1465 1876 ἅπαντας

301 1897 361 1966 μετὰ
373 1896 498 1970 ἰσημερίαν
509 1898 612 1971 ἐαρινὴν,
625 1905 755 1970 μεσοῦντος
768 1905 812 1953 τοῦ
825 1900 925 1971 πρώτον
939 1902 1022 1971 μηνός.
1057 1899 1141 1971 Igitur
1152 1907 1212 1972 post
1223 1897 1361 1970 ἰσημερίαν,
1374 1917 1427 1954 non
1440 1902 1465 1953 iu

299 1980 411 2056 lcqprplq
421 1985 518 2056 pascha
534 1993 589 2040 tans
601 1987 701 2040 Induis
716 1999 795 2057 qnam
807 1985 960 2040 Christianis
976 1985 1098 2050 incurrit,
1117 1986 1186 2055 quod
1204 1991 1230 2039 et
1247 1985 1358 2039 subinde
1375 2001 1464 2039 rursus

300 2068 408 2136 incolat,
427 2069 470 2137 τὴν
486 2075 530 2123 τοῦ
546 2070 633 2142 πάσχα
648 2072 688 2123 sai
706 2075 755 2123 τῶν
772 2069 872 2142 ἀζύμων
885 2067 970 2142 ἑορτὴν
982 2072 1033 2124 erto
1045 2069 1142 2131 πάντως
1155 2069 1207 2141 μετ’
1220 2068 1344 2142 ἰσημερίαν
1356 2069 1464 2142 &saiso

214 2197 219 2208 .
268 2197 274 2208 .
301 2153 380 2224 Atqui
391 2156 433 2224 τὴν
446 2155 569 2227 ἰσημερίαν
583 2158 717 2210 Anatolins
729 2156 891 2210 Phemonoth
903 2173 984 2222 xrvn,
999 2157 1053 2210 sire
1066 2175 1102 2212 rr.
1112 2157 1169 2210 Kal.
1179 2157 1240 2227 Apr.
1254 2158 1402 2221 constituit,
1418 2157 1465 2210 ibi-

302 2245 412 2315 demque
423 2241 500 2313 primi
511 2244 608 2296 mensis
620 2243 764 2296 exordium.
798 2243 884 2312 Negat
894 2243 975 2312 igitur
985 2243 1031 2296 illo
1043 2243 1101 2314 ipso
1113 2243 1154 2295 die
1165 2242 1264 2313 pascha
1274 2243 1322 2296 rite
1334 2243 1466 2298 celebrari.

301 2333 336 2384 At
343 2345 403 2383 vero
415 2345 450 2382 ex
458 2329 551 2382 Latina
559 2328 657 2382 Ruiiini
665 2329 784 2382 versione
796 2329 921 2382 celebrari
932 2333 1026 2398 potest.
1045 2327 1175 2399 Scriptum
1188 2333 1229 2382 est
1239 2329 1320 2382 enim:
1334 2329 1467 2382 Aberrare

301 2417 456 2470 uehementer
467 2429 508 2468 eoa
519 2419 562 2483 qui
574 2423 633 2466 uate
644 2414 690 2466 doc
702 2419 802 2467 initium
815 2417 897 2484 primi
912 2419 1004 2466 mursia
1016 2415 1122 2484 paccio
1138 2415 1274 2468 celebraret.
1309 2413 1396 2478 Quare
1410 2417 1466 2486 ipsu

301 2502 399 2557 mensis
410 2499 483 2554 initio
494 2499 567 2564 licet,
580 2497 628 2553 hoc
641 2505 727 2554 autem
739 2501 963 2556 asturienses
976 2499 1103 2570 superiori
1114 2499 1276 2565 definitione,
1288 2515 1368 2569 quam
1377 2499 1466 2553 Nicro
1549 2489 1550 2500 ³

301 2603 364 2642 num
376 2587 513 2641 concilium
527 2591 553 2638 ot
563 2583 691 2640 catholica
702 2587 787 2639 omnis
799 2586 910 2639 ecclesia
921 2585 1005 2639 scirit.
1024 2585 1101 2638 Tanti
1110 2585 1233 2638 nimirum
1243 2589 1350 2638 osteum
1360 2587 1466 2640 caeteris

300 2677 327 2728 iu
336 2675 413 2727 rebus
423 2678 449 2726 et
458 2671 564 2738 officiis,
576 2677 632 2725 tum
641 2673 668 2726 iu
677 2671 846 2742 scriptoribus
855 2670 1055 2742 interpretandis
1063 2677 1196 2740 praestare
1203 2670 1296 2735 tidem;
1308 2672 1381 2740 quod
1390 2687 1466 2743 saepe

299 2761 426 2831 interpres
437 2759 486 2812 isto
498 2759 624 2827 neglexit.
647 2757 757 2812 Proinde
768 2759 809 2810 uel
822 2773 852 2810 eo
865 2757 970 2810 nomine
982 2756 1096 2827 pessimo
1108 2756 1140 2808 de
1152 2757 1273 2810 Anatolio
1286 2756 1370 2826 deque
1382 2757 1466 2811 catho-

299 2847 349 2900 lico
362 2846 485 2916 dogmata
494 2853 573 2913 atque
583 2845 654 2897 omni
663 2844 804 2914 postoriete
815 2845 922 2908 meruit,
935 2843 997 2896 dum
1006 2841 1202 2895 sanctssimum
1212 2841 1467 2914 eruditissimusque

300 2937 398 3002 patrem
408 2930 588 2984 absurdissimi
596 2930 723 2982 fautorem
733 2929 864 2998 dogmatis
874 2934 952 3000 atque
961 2925 1099 2982 haereseos
1109 2933 1227 2981 autorem
1236 2929 1380 2982 coustituit.
1395 2927 1466 2992 Quod

300 3033 333 3070 ne
345 3017 404 3087 quis
416 3031 432 3068 a
442 3031 485 3068 me
496 3015 645 3068 iracundius
657 3015 831 3085 quamtotius
843 3013 969 3068 affirmari
981 3018 1068 3085 potet,
1080 3013 1200 3067 consulat
1211 3029 1277 3083 quae
1289 3013 1321 3066 de
1329 3013 1468 3068 Scotorum

300 3107 327 3154 ot
337 3101 591 3170 Τεσσαρεςδεκατιτῶν
603 3101 812 3154 altercationibus
825 3099 924 3153 aBeda
934 3101 963 3153 in
975 3099 1042 3154 licei.
1054 3099 1120 3154 Eiet.
1133 3105 1278 3154 narrantur.
1313 3097 1357 3152 iix
1374 3099 1467 3170 qulbus

300 3185 437 3256 intelliget,
449 3186 493 3255 qui
505 3184 564 3238 huic
576 3187 655 3239 errori
667 3187 891 3256 patrocinarentur
902 3186 980 3239 unius
989 3185 1155 3255 potissimum
1165 3186 1301 3238 autoritate
1309 3183 1393 3238 iratos
1402 3187 1468 3238 Ana·

300 3273 357 3325 tolii
368 3269 514 3324 (lhrietiano
527 3271 644 3342 dogmati
655 3273 788 3326 restitisse.
821 3271 905 3334 Quam
917 3271 1022 3342 quidem
1034 3272 1201 3324 autoritatem
1211 3283 1265 3323 non
1276 3287 1311 3323 ox
1322 3271 1390 3342 ipsis
1402 3271 1469 3323 Ana-

300 3357 356 3411 tolii
367 3357 497 3420 lontibus,
510 3357 555 3409 scd
566 3373 599 3410 ex
611 3359 711 3410 lacunis
723 3357 889 3411 Rufinianus
900 3357 1121 3427 interpretationis
1133 3356 1281 3410 hauserant.

368 3441 512 3494 Luculenta
523 3458 585 3496 sano
597 3443 629 3496 de
640 3443 762 3514 paschate
779 3443 954 3496 controuersia
969 3443 1015 3496 illa
1030 3442 1092 3507 init,
1110 3455 1191 3512 quam
1205 3443 1306 3511 ingenti
1321 3443 1469 3496 animorum

300 3528 466 3583 contentione
478 3528 555 3582 toties
568 3529 694 3598 agitatam
706 3529 775 3599 apud
784 3529 883 3599 Anglos
896 3543 927 3581 uo
935 3527 1028 3582 Scotos
1041 3533 1116 3581 autor
1128 3532 1168 3582 est
1179 3527 1260 3582 Beda.
1278 3526 1332 3582 Sed
1342 3527 1469 3599 imprimis

299 3615 345 3668 lib.
357 3633 396 3668 m.
409 3629 464 3684 cap.
477 3631 537 3666 xxv.
550 3615 714 3667 nobilissima
725 3613 862 3684 Wilphridi
878 3613 1024 3684 presbyteri
1039 3611 1160 3666 catholici
1176 3617 1202 3666 at
1218 3611 1338 3666 Colmani
1354 3615 1470 3686 episcopi

300 3701 372 3755 Sooti
384 3715 471 3752 coram
483 3713 544 3768 rege
556 3698 646 3752 habitu
657 3701 761 3753 collatio
773 3699 934 3753 describitur.
957 3699 987 3753 In
1000 3716 1052 3770 qua
1067 3716 1127 3751 oum
1143 3697 1193 3752 hoc
1210 3695 1295 3751 Sectis
1307 3697 1469 3770 Wilphridus

300 3787 436 3850 obiiceret,
452 3785 522 3856 quod
540 3791 633 3863 contra¹
645 3784 788 3840 Nicaennm
801 3785 935 3840 Cononem
952 3792 978 3838 ot
989 3785 1122 3839 Romanae
1138 3785 1263 3840 ecclesiae
1280 3783 1414 3840 decretum
1424 3801 1468 3856 pa-

300 3871 363 3926 scha
379 3889 395 3924 a
411 3872 475 3926 luna
492 3889 545 3924 xrv.
559 3870 591 3923 ad
608 3889 653 3926 xx.
671 3873 843 3936 celebrarant,
860 3869 1002 3925 Colmanna
1018 3872 1055 3923 its
1073 3871 1178 3924 demum
1192 3869 1316 3924 omunia:
1347 3869 1470 3941 Narque'd

301 3959 438 4011 Anatoliue
453 3960 495 4008 uir
512 3967 615 4008 auocare
632 3966 656 4008 el
671 3961 698 4008 ιἰι
710 3962 837 4027 praesuta
853 3957 963 4010 historia
977 3957 1154 4010 ecclaioetr'cc
1171 3956 1271 4006 multum
1284 3955 1408 4008 laudatus
1419 3957 1470 4023 ieqr'

301 4045 341 4094 rei
351 4044 482 4112 eouuqels'o
495 4045 628 4095 contrariu
640 4046 738 4111 sapuit,
754 4046 798 4110 qui
812 4063 829 4095 u
840 4061 894 4098 ιιι.
907 4059 983 4112 usqae
995 4045 1033 4094 ud
1042 4059 1087 4096 xx.
1097 4041 1201 4111 porciu
1214 4040 1395 4092 celebrandam
1405 4047 1468 4093 ecri-

296 4131 367 4196 psit!
395 4127 446 4181 Sed
459 4133 485 4181 et
496 4133 574 4181 auus
586 4143 641 4197 cap.
647 4143 686 4181 ιιι.
699 4127 815 4180 eiusdem
826 4127 886 4181 libri
897 4128 928 4181 de
940 4127 1042 4180 Aiduuo
1055 4127 1176 4197 episcopo
1189 4127 1223 4178 ab
1235 4125 1357 4179 Oswaldo
1367 4141 1429 4196 rege
1440 4127 1467 4178 in

300 4213 424 4281 Anglism
440 4229 454 4266 e
470 4213 561 4266 Scotia
574 4213 699 4265 arcessito
716 4213 845 4278 scribom,
863 4215 900 4266 uit
914 4213 988 4266 illum
1003 4213 1105 4283 pescia
1121 4226 1189 4264 more
1205 4229 1267 4263 auae
1281 4215 1367 4278 qesu'e
1381 4231 1399 4264 a
1414 4229 1466 4264 ιιι.

302 4300 363 4349 luae
376 4299 412 4349 od
421 4315 466 4352 xx.
479 4300 631 4362 celebrasse,
644 4301 711 4368 qaod
721 4300 787 4350 idem
795 4297 925 4366 &olorum
934 4297 1106 4352 auditotorum
1119 4302 1308 4367 uudosuceret,
1321 4301 1467 4350 εειίιίιιιιιιιι

301 4399 328 4435 se
339 4386 367 4434 ιἰι
379 4381 429 4434 duc
441 4384 602 4436 asseverare
613 4388 699 4436 suncti
707 4403 739 4436 uc
749 4385 825 4436 laude
834 4381 999 4455 diqus’putrr'e
1009 4385 1128 4437 Arrutolis'
1134 4387 1234 4454 scripte
1243 4391 1363 4436 secutam.
1380 4381 1465 4444 Vides,

301 4469 401 4538 opinor,
413 4465 593 4522 schismaticos
605 4470 663 4523 illos
676 4485 766 4523 ornnes
779 4471 944 4540 praecipuum
954 4469 1114 4539 pervicaciae
1126 4469 1308 4539 opinionisque
1317 4483 1384 4520 suae
1394 4483 1465 4538 prae·

301 4551 436 4608 autuman
447 4550 560 4605 Anatolii
572 4555 709 4608 autoritate
722 4555 853 4625 posuisse,
864 4569 918 4608 nou
929 4555 973 4608 ills
985 4556 1090 4625 quidem
1095 4593 1102 4620 ,
1115 4559 1144 4607 ut
1155 4554 1221 4620 dixi,
1234 4553 1351 4632 aquillius
1364 4552 1465 4624 scriptis
