3138 5044
513 459 673 514 ANATOLII
689 457 838 514 INSIGNIS
856 457 965 514 Locus
983 455 1210 512 EXPENDITUR.
1556 519 1557 582 ρ

345 563 419 617 Vixit
430 563 567 618 Anatoliue
578 563 734 618 Diocletiani
745 562 799 618 iere
811 567 940 632 tempore,
956 577 1051 631 genere
1063 559 1267 624 Alexandrinus,
1282 560 1398 630 quicum
1409 559 1442 611 ad

193 683 199 695 ·
244 678 251 692 ·
277 649 413 720 synodum
423 647 1002 704 AntiochiaeeontraPaulumSamosatenum
1010 645 1127 700 habitam
1135 645 1443 710 Laodiceaiterbabaret,

277 736 416 806 episcopos
433 733 614 790 aLecrlioenie
632 735 730 788 electus
746 740 793 786 eat
827 732 927 786 Floruit
942 732 1023 802 igitur
1038 733 1088 786 eub
1100 732 1232 786 Aureliani
1249 747 1279 786 ae
1290 731 1443 786 Diocletiani

277 827 407 892 tempora,
425 821 464 874 vir
481 819 608 890 imprimis
626 819 743 874 eruditus
759 824 785 872 et
801 817 992 874 mathematicis
1009 819 1110 872 artibus
1126 819 1254 872 excultus.
1290 817 1363 880 Quae
1378 817 1445 870 inter

278 911 381 960 caetere
392 905 513 960 Oenones
523 903 663 960 Paschales
675 904 801 969 condidit,
817 921 852 957 ex
868 903 963 974 quibus
974 901 1038 958 heac
1055 903 1184 958 Eusebius
1200 903 1349 974 exscripsit:
1374 898 1446 971 Ἔχει

278 1075 544 1146 νεοκαιδεκαετηρέδυς,
563 1079 604 1143 τῆς
618 1073 672 1128 κατ’
687 1073 833 1144 Αἰγυπτίους
845 1073 889 1146 μὲν
901 1073 1027 1144 Φαμενὼθ
1040 1073 1097 1144 έκτη
1110 1073 1150 1126 καὶ
1161 1071 1249 1142 εἰκάδι,
1266 1072 1329 1126 κατὰ
1345 1071 1373 1124 δὲ
1389 1071 1444 1132 rei<

279 1162 429 1215 Μακεδόνων
442 1165 518 1232 μῆνας
531 1161 641 1231 Δύστρου
654 1160 754 1231 δευτέρη
765 1160 806 1214 καλ
819 1157 908 1230 εἰκάδι,
925 1157 960 1220 ὡς
976 1158 999 1212 δ’
1013 1159 1041 1212 ἂν
1053 1157 1140 1212 εἴποιεν
1152 1157 1287 1230 Ῥωμαῖοι,
1299 1157 1349 1228 ιτρδ
1361 1157 1445 1210 ἕνδεκα

280 1247 415 1300 Καλανδῶν
427 1245 585 1318 1λιτριλλέων.
619 1244 761 1315 Εὗρέοκεται
774 1243 801 1298 δέ
813 1242 826 1298 δ
838 1244 907 1310 ἥλιος
920 1243 944 1297 έν
956 1249 985 1316 τῇ
998 1244 1142 1316 προκειμένῃ
1155 1243 1280 1316 Φαμενὼθ
1292 1243 1348 1314 ἕκτη
1361 1242 1403 1294 eei
1413 1241 1445 1294 ei·

279 1331 335 1386 κὰδι
347 1332 375 1386 οὖ
389 1333 464 1404 μόνον
477 1327 560 1400 ἐπιβὰς
572 1336 616 1384 τοῦ
628 1330 728 1402 πρώτου
744 1330 886 1402 τμήματος,
904 1328 961 1382 ἀλλ’
973 1329 1020 1396 ἤδη
1038 1331 1078 1384 καλ
1095 1327 1209 1400 τετάρτην
1225 1328 1317 1400 ἡμέραν
1333 1327 1358 1382 έν
1377 1327 1445 1398 αὐτῷ

264 1420 491 1488 διαπορευόμενος.
516 1417 597 1470 Τοῦτο
610 1415 637 1468 ci
649 1416 677 1468 rb
689 1419 775 1486 τμῆμα
787 1419 885 1486 πρῶτον
899 1415 1121 1486 δωδεκατημόριον,
1137 1414 1177 1468 καλ
1188 1411 1334 1486 ἰοημερινδν,
1347 1413 1387 1466 καὶ
1399 1432 1445 1482 μη-

279 1505 328 1556 νῶν
340 1503 427 1574 ἀρχὴν,
440 1503 480 1556 καὶ
492 1501 599 1572 κεφαλὴν
611 1506 656 1554 τοῦ
669 1501 774 1570 κύκλου,
787 1502 828 1554 καὶ
839 1498 922 1570 ἄφεσιν
932 1505 976 1554 τοῦ
988 1503 1037 1552 τῶν
1047 1500 1178 1566 πλανητῶν
1190 1500 1284 1572 δρόμου
1296 1499 1381 1552 καλεῖν
1392 1496 1446 1550 εἰῶ-

280 1591 342 1642 θασι·
356 1589 384 1642 rb
398 1587 424 1641 δὲ
437 1587 484 1658 ιτρδ
498 1588 601 1657 τούτου,
614 1589 697 1657 μηνῶν
710 1583 829 1656 ἔσχατον,
846 1586 886 1639 καλ
898 1590 984 1656 τμῆμα
996 1586 1148 1654 δωδέκατον,
1167 1585 1207 1637 καὶ
1218 1585 1357 1638 τελευταῖον
1370 1584 1446 1636 δωδε-

280 1677 442 1747 κατημόριον,
461 1673 501 1726 κοιλ
517 1672 588 1734 τέλος
605 1676 647 1740 τῆς
664 1675 712 1724 τῶν
726 1671 856 1738 πλανητῶν
873 1670 979 1724 lutriboc.
1017 1670 1059 1722 nte
1073 1671 1181 1732 καὶτοὺς
1193 1669 1217 1722 ἐν
1230 1669 1299 1741 αὐτῷ
1311 1669 1447 1740 τιθεμένους

280 1761 321 1813 τὀν
335 1763 433 1832 πρῶτον
447 1762 523 1830 μῆνα,
543 1758 582 1810 καὶ
599 1756 642 1826 τὴν
654 1756 912 1830 τταααρεςκαιδεκέιτην
924 1760 968 1809 τοῦ
981 1755 1067 1828 adrepe
1079 1756 1134 1810 κατ’
1147 1755 1222 1824 αὐτην
1234 1754 1405 1826 λαμβάνοντας
1417 1753 1446 1806 eir

280 1849 384 1918 μικρῶς,
404 1843 458 1898 οὐδ’
471 1841 505 1905 ὧς
517 1841 601 1916 ἔτυχεν
619 1841 763 1914 ἁμαρτάνειν
780 1842 866 1914 ραμέν.
901 1844 971 1898 Haec
983 1860 1032 1898 uos
1043 1843 1135 1898 Latine
1146 1843 1184 1896 ita
1194 1842 1339 1896 redimine:
1362 1841 1448 1894 Habet

275 1951 356 2002 porro
365 1936 391 1984 ιἰι
401 1950 468 1984 αιιιιο
472 1934 558 1999 primo
567 1933 658 1982 mensib
662 1933 744 1999 primi
753 1934 914 1994 neomeniam,
925 1947 989 1999 qaae
999 1933 1074 1984 totins
1082 1929 1340 1982 ermendecciteridos
1347 1931 1446 1980 initium

280 2027 327 2080 eet,
340 2015 496 2070 Pbcmmotb
508 2019 643 2068 secandum
654 2016 795 2085 Aepqptioe
807 2033 892 2080 nvn,
907 2017 1043 2068 secandum
1054 2015 1207 2068 Macedones
1220 2015 1314 2082 Dpetra'
1325 2031 1403 2078 xxm,
1421 2024 1448 2066 εει

280 2111 364 2156 autom
378 2101 491 2155 Romano
508 2119 576 2154 more
594 2103 691 2171 loquer,
709 2119 745 2156 nr.
758 2101 821 2154 Kal.
835 2102 901 2172 dpr.
928 2101 982 2162 Qec
994 2103 1093 2170 quidem
1106 2103 1147 2154 die
1159 2117 1230 2154 τινι.
1242 2098 1398 2152 Pbomenotb
1411 2100 1450 2154 ool

281 2207 330 2240 ειοιι
338 2189 522 2256 modcprr'mam
531 2191 652 2256 eipnr'jeri
659 2196 810 2255 septemium
818 2191 947 2255 inpressas
955 2193 1090 2257 reperitur,
1099 2189 1145 2240 sed
1153 2189 1412 2256 etiamquortamiom
1421 2190 1448 2236 ia

281 2275 325 2326 illo
331 2273 569 2342 diacopereorre'eee.
582 2271 718 2342 dtqeeboc
720 2277 833 2342 primum
841 2283 992 2341 coementem
1000 2275 1220 2326 dodecatemorioo
1229 2282 1255 2324 et
1262 2271 1449 2341 aequinoctiale

282 2369 307 2414 et
320 2361 438 2411 mensium
447 2359 630 2428 primordium,
649 2377 681 2412 oc
699 2360 766 2426 cycli
782 2368 872 2428 capet,
891 2368 915 2412 et
929 2361 1050 2428 quosdam
1066 2359 1133 2411 celat
1143 2359 1307 2428 planetarum
1325 2361 1450 2409 circuitus

282 2461 402 2498 carceres
413 2443 547 2514 appellare
558 2444 644 2496 solent.
669 2443 836 2505 Quamobrem
853 2448 897 2514 qui
911 2448 939 2496 ιἰε
957 2463 984 2496 ee
996 2447 1109 2514 primum
1125 2462 1230 2497 mensem
1242 2447 1408 2504 constituunt,
1426 2455 1451 2496 et

281 2534 309 2582 ιἰι
320 2548 349 2582 co
361 2531 485 2582 decimam
500 2537 619 2598 quartem
630 2528 783 2599 parcitatem
798 2539 934 2600 usurpem,
952 2547 993 2582 eos
1009 2549 1058 2582 noa
1074 2531 1236 2582 mediocriter
1253 2529 1379 2581 aberrare
1395 2538 1449 2580 eta·

281 2619 378 2668 taimen.
402 2613 467 2670 Cum
479 2615 560 2685 igitur
571 2615 765 2686 aequinoctium
781 2615 870 2670 Martii
881 2633 946 2668 nnn.
964 2613 1080 2680 fixisset,
1096 2615 1239 2686 permirum
1254 2613 1304 2668 beo
1317 2614 1450 2684 plerisque

280 2702 366 2754 visum
375 2705 423 2766 est,
434 2701 479 2770 qni
488 2705 515 2754 et
522 2701 676 2754 recentiores
685 2701 876 2756 Alexandrinos
885 2701 1024 2771 scriptores
1035 2707 1068 2767 et,
1080 2700 1150 2770 quod
1159 2705 1237 2772 caput
1245 2705 1292 2764 est,
1304 2699 1450 2754 Nicaeum

281 2786 417 2856 synodum
427 2787 550 2840 vicesimo
561 2787 645 2857 primo
657 2787 744 2840 Martii
755 2787 922 2840 constituisse
932 2787 1112 2840 meminerant.
1147 2785 1205 2850 Qua
1216 2786 1247 2838 de
1264 2801 1292 2840 re
1303 2785 1377 2838 Bedc
1387 2801 1450 2838 eon·

280 2873 364 2926 cultus
373 2889 533 2943 magnopere
542 2878 652 2937 aestuat,
664 2879 690 2926 et
699 2889 714 2926 a
723 2872 828 2926 Rnifinc
838 2879 966 2942 corrupte,
978 2873 1017 2925 uti
1027 2872 1089 2936 dini,
1101 2871 1206 2926 Anatoli
1214 2872 1294 2924 verba
1304 2871 1449 2941 proferena,

281 2958 395 3012 alienum
407 2958 439 3011 iis
451 2974 559 3012 sensnm
571 2957 759 3014 accommodat.
782 2957 904 3012 Ruifinus
916 2959 986 3012 enim
997 2959 1035 3010 ita
1045 2957 1133 3029 priora
1143 2957 1265 3011 reddidit:
1289 2955 1340 3009 Eet
1349 2975 1410 3026 eree
1422 2961 1450 3010 ia

280 3046 363 3112 primo
375 3061 441 3096 auno
453 3047 551 3097 initium
559 3048 641 3113 primi
651 3048 755 3107 menete,
767 3045 867 3114 quando
880 3053 917 3096 eet
928 3045 1011 3097 decem
1025 3053 1049 3096 ct
1060 3063 1143 3097 nocem
1154 3061 1275 3096 aanowm
1285 3046 1398 3107 initiam,
1409 3061 1450 3095 εε-

282 3129 388 3180 candom
398 3129 537 3198 Aeqpptioe
545 3131 643 3198 quidem
653 3129 809 3182 Pbemenotb
819 3147 903 3194 uun,
914 3132 1049 3182 secundum
1058 3130 1184 3182 Roranam
1195 3147 1253 3182 cero
1266 3147 1302 3184 ει.
1309 3125 1374 3182 Kar.
1379 3129 1403 3180 Δ
1404 3147 1449 3198 pr.

281 3213 315 3266 Ιιι
326 3231 376 3280 quc
389 3215 429 3266 die
440 3217 566 3266 invenitur
577 3216 617 3268 eol
624 3233 671 3268 ιιοει
680 3217 757 3268 solum
767 3217 941 3268 conscendisse
945 3219 1057 3284 primam
1063 3225 1165 3284 portem
1170 3254 1178 3278 ,
1190 3233 1274 3268 ceram
1285 3219 1363 3267 etiam
1372 3233 1450 3284 quor·

282 3307 333 3348 ram
342 3299 395 3350 ιάιιι
403 3302 430 3349 in
439 3301 526 3352 eadem
535 3301 576 3354 die
586 3299 690 3366 babere,
701 3303 730 3354 id
738 3311 775 3354 eet
782 3306 809 3354 εἰι
814 3304 904 3370 prima
912 3318 943 3352 ee
952 3301 1122 3370 nnpartrbua
1131 3310 1177 3353 eto.
1195 3298 1267 3363 Quae
1275 3298 1351 3352 Beda
1359 3301 1397 3356 aie
1407 3315 1451 3354 ac·

282 3383 351 3452 cipit,
361 3384 728 3452 aequinoctinmobbisextum
734 3387 864 3440 interdum
874 3385 1028 3450 inimiici,
1037 3385 1201 3440 interdumin
1209 3386 1369 3441 acincurrit.
1382 3385 1451 3440 Nam

282 3485 342 3522 cum
352 3467 468 3522 Iulianus
480 3487 565 3522 annus
577 3470 766 3540 Aegyptiacum
778 3477 804 3526 et
815 3472 960 3542 simplicem
971 3471 1042 3525 horis
1054 3491 1090 3526 vr,
1104 3477 1219 3541 superet,
1234 3472 1396 3541 aequinoctii
1407 3489 1450 3540 με·

281 3553 418 3624 τέμιιτωοις
430 3553 461 3606 fit
471 3554 499 3606 in
511 3571 580 3608 anno
592 3558 732 3610 communi
759 3555 843 3620 Quare
855 3559 889 3610 sit
900 3557 1093 3627 aequinoctium
1105 3573 1174 3610 anno
1186 3559 1242 3627 ipso
1254 3557 1385 3610 bisexitili
1395 3575 1450 3610 εει.

280 3639 369 3693 Martii
377 3656 461 3705 mene,
470 3642 627 3712 annoprimo
635 3643 832 3712 posibisextnm
841 3641 937 3695 incidet
945 3643 973 3695 in
981 3643 1123 3708 meridiem,
1132 3659 1201 3696 enno
1211 3661 1240 3696 u.
1249 3643 1450 3712 posibisextam

280 3725 308 3780 in
320 3741 441 3779 occasum
453 3725 503 3780 diei
514 3744 582 3792 un,
593 3743 662 3780 enno
673 3745 711 3783 ιιι.
723 3729 751 3782 in
762 3727 875 3782 mediam
887 3733 1002 3792 nectem,
1014 3744 1083 3781 anno
1093 3746 1128 3784 ιν.
1140 3745 1187 3799 per
1197 3728 1425 3782 intercalationem
1435 3746 1451 3782 a

281 3827 346 3868 τιτι.
357 3812 452 3866 iterum
462 3811 491 3864 in
501 3830 555 3866 nn.
568 3817 594 3865 et
605 3814 763 3867 matutinum
775 3820 879 3884 tempus
891 3813 1001 3868 recedet.
1026 3811 1092 3866 Ourn
1103 3814 1183 3883 igitur
1199 3815 1226 3866 in
1238 3829 1391 3883 vesperam,
1409 3815 1449 3868 vel

281 3897 394 3951 mediam
403 3899 506 3950 noctem
517 3897 620 3962 incidit,
632 3899 665 3952 ad
677 3917 713 3954 nr.
723 3899 780 3952 ilai
792 3900 917 3969 pertinet;
930 3915 960 3951 eo
971 3897 1040 3969 quod
1049 3915 1103 3952 nox
1112 3900 1171 3970 ipsa
1179 3897 1387 3953 Christinnorum
1398 3901 1451 3954 ritu

282 3983 399 4052 sequenti
409 3982 489 4036 leriae
501 3983 630 4038 tribuitur.
664 3982 732 4038 Gom
748 3989 837 4037 eutem
852 3983 885 4036 ad
901 3984 1036 4037 meridiem
1047 3985 1089 4036 vel
1105 3985 1262 4037 matutinum
1273 3989 1380 4055 tempus
1392 4001 1450 4056 per-

282 4067 364 4133 venit,
375 4069 462 4122 Martii
471 4087 537 4134 xxc,
549 4069 604 4122 sive
616 4068 803 4138 εει.Κε1.Αρε.
816 4075 959 4140 arrogatur.
982 4069 1063 4134 Unde,
1076 4069 1174 4140 inquit,
1187 4071 1297 4123 consulte
1309 4071 1449 4124 decretioe

283 4167 331 4202 ιιοιε
341 4161 409 4205 cetat
419 4157 446 4206 ιίι
458 4173 507 4219 xa,
523 4155 570 4207 aed
585 4165 643 4208 aare
659 4171 695 4210 τι.
706 4153 768 4207 Καέ.
779 4155 846 4224 Apr.
856 4155 960 4224 paecba
976 4155 1110 4208 celebrari.
1133 4155 1193 4208 Nom
1205 4159 1269 4207 enim
1277 4160 1369 4226 prima
1380 4159 1449 4210 cedis

283 4241 476 4304 aequinoctialis
487 4250 613 4310 tempora,
631 4241 677 4292 aed
687 4240 776 4291 αέιέιιια
788 4243 911 4308 siccavit,
927 4241 974 4294 boc
987 4249 1024 4294 ert
1035 4258 1066 4293 ea
1079 4261 1096 4292 a
1108 4242 1195 4311 quibus
1201 4241 1322 4311 porciae
1333 4243 1448 4296 *ceretro-

283 4325 371 4374 etonem
383 4327 494 4392 incipere
501 4343 577 4394 posse
588 4334 701 4379 noceret.
738 4323 798 4376 Cum
815 4330 879 4378 enim
896 4343 924 4381 11.
937 4328 978 4379 cel
988 4344 1028 4382 ιιι.
1042 4343 1108 4379 cano
1121 4336 1182 4396 post
1197 4327 1318 4379 δεέετειειιε
1327 4327 1449 4397 poecbne

182 4436 204 4475 p,
213 4426 257 4468 ιοο.
284 4409 338 4460 dice
350 4408 488 4460 demimcoa
499 4414 526 4460 ιἰι
537 4409 644 4466 nanl.
653 4411 719 4480 Apr.
729 4416 882 4475 occurrerit,
894 4421 992 4464 conectat
1002 4415 1131 4476 nimirum,
1144 4415 1210 4480 qued
1221 4429 1277 4464 cum
1288 4415 1448 4482 aequinoctio

277 4491 396 4564 praeciae
409 4493 462 4543 dies
473 4493 616 4546 inchoatur.
647 4495 723 4548 Ceius
735 4500 910 4550 coeremoniae
920 4508 1009 4566 partes
1021 4498 1181 4551 celebrantur
1187 4500 1277 4567 prime
1290 4506 1375 4564 nocte,
1392 4516 1447 4551 cam
