3126 5046
291 303 417 361 ouxmv

290 475 393 524 mense,
404 460 569 514 neomeniam
581 459 729 530 paschalem
740 461 769 514 iu
780 461 896 532 aprilem
908 462 1110 526 summoverint,
1121 462 1194 516 naha
1205 462 1257 516 alia
1267 477 1363 518 auara
1373 461 1456 518 aaut

291 562 370 616 quam
388 546 457 616 quod
474 546 699 616 decimusquartus
716 547 835 610 lunares,
857 563 923 616 quse
941 551 997 600 tum
1013 547 1041 600 iu
1057 547 1182 602 Μιηίιιιιι
1199 548 1350 612 incurrant,
1370 548 1456 618 aqui·
1556 537 1557 540 ¹

290 633 406 686 noctimn
417 637 592 696 antevortunt,
610 632 720 702 ideoque
737 632 771 686 ad
787 631 983 698 duodecimum,
999 649 1053 688 nou
1071 632 1105 686 nd
1122 634 1235 703 primum
1252 649 1387 697 anement,
1403 649 1456 704 pen

289 717 385 782 tinent,
397 723 426 770 ut
437 718 503 770 inter
515 725 631 770 caeteros
642 717 774 770 Pretorius
783 717 976 772 Alexandrinus
988 719 1016 771 in
1027 733 1059 772 ea
1070 718 1181 789 epistola
1191 719 1268 772 decet
1279 734 1361 788 quam
1372 718 1405 772 de
1416 735 1459 789 pa·

290 801 379 856 schate
388 803 478 856 scribit
486 803 518 855 ad
528 803 554 856 S.
561 803 674 856 Leonem
683 819 787 873 papam.
805 802 906 873 Quippe
918 803 992 874 cyclo
1002 821 1057 859 ιιι.
1066 804 1130 858 luna
1141 803 1337 876 decimaquarta
1345 803 1460 858 Nicasna

291 888 402 958 configit
411 889 499 941 Martii
511 907 594 952 avus,
610 889 683 956 cyclo
696 905 758 942 vero
771 907 827 942 vus.
845 889 933 942 Martii
944 907 999 944 ιιι.
1035 888 1121 954 Quare
1139 906 1198 944 oum
1215 895 1276 944 tute
1293 891 1460 946 bonnoniam

290 974 368 1043 primi
384 975 494 1037 mensis,
512 975 566 1026 sive
578 973 700 1043 Ιιριῶιος,
717 974 865 1040 incurrant,
882 975 1019 1044 posteriori
1030 975 1108 1040 Adar,
1125 992 1177 1030 nou
1194 974 1290 1040 Nisan,
1307 974 1460 1030 tribuendae

291 1065 360 1112 sunt.
396 1059 505 1112 Proinde
522 1058 657 1129 paschales
674 1060 827 1114 neomeniae
845 1061 977 1130 cyclorum
992 1060 1102 1114 istorum
1113 1061 1141 1114 in
1152 1061 1267 1131 Aprilem
1278 1062 1460 1120 coniiciuntur.

290 1144 325 1197 At
336 1160 370 1200 ea
379 1143 557 1214 Scaligeriauo
570 1144 701 1214 dogmate,
713 1145 805 1200 iisdem
817 1145 869 1200 illis
880 1145 982 1200 duobus
994 1146 1084 1215 cpolin
1095 1145 1251 1200 ludaeorum
1258 1146 1460 1218 dwimaqnmta

292 1245 358 1300 quae
369 1231 396 1283 iu
408 1231 532 1284 Martium
544 1230 646 1294 incidit,
658 1247 748 1284 revera
759 1237 799 1284 eet
810 1231 896 1284 ultimi
907 1231 1017 1296 mensio,
1034 1231 1089 1286 eive
1101 1229 1178 1295 Adar,
1196 1248 1249 1286 uon
1267 1233 1354 1304 primi.
1389 1232 1461 1288 Licat

291 1316 360 1368 enirn
372 1316 565 1385 aequinoctium
578 1317 718 1370 terminum
730 1333 783 1370 non
795 1315 942 1381 antecedat,
953 1315 999 1370 sed
1011 1333 1071 1372 mm
1080 1317 1168 1387 potius
1177 1325 1301 1382 moretur,
1313 1323 1404 1372 umen
1415 1335 1460 1388 po·

290 1401 360 1454 litiae
372 1401 441 1454 Adar
453 1401 577 1454 attributa
588 1401 648 1464 luit,
664 1401 728 1454 adeo
741 1408 771 1454 ut
782 1399 912 1472 paschalis
924 1418 978 1456 uon
990 1406 1068 1456 essm.
1103 1401 1158 1456 Hoc
1171 1403 1279 1456 enimin
1291 1402 1406 1457 diatriba
1416 1403 1460 1456 illa

291 1485 323 1539 de
335 1486 457 1556 passione
469 1485 580 1550 domini,
598 1503 657 1540 cum
675 1487 706 1540 de
724 1487 829 1540 ludaico
844 1503 913 1540 auno
925 1491 1011 1540 vetere
1027 1486 1214 1552 dessernimua,
1232 1504 1265 1542 ex
1280 1487 1404 1552 Philone,
1420 1487 1458 1541 lo·

291 1569 384 1642 sepho,
395 1571 544 1626 Aristobulo
556 1573 666 1642 aliisque
681 1572 835 1628 Iudaeorum
847 1571 1035 1642 antiquissimis
1052 1572 1226 1638 ostendimus,
1243 1573 1373 1628 decimam
1385 1589 1458 1642 quar·

291 1663 345 1710 tam
357 1655 450 1722 Nicen,
468 1659 523 1711 sive
535 1657 683 1728 paschalem
696 1658 840 1722 ludoicum,
857 1658 962 1712 illorum
973 1663 1059 1710 aetate
1070 1657 1097 1712 in
1108 1658 1165 1728 ipae
1177 1659 1338 1730 aequinoctii
1349 1657 1405 1722 dio,
1416 1665 1459 1712 ant

291 1741 325 1795 ab
336 1758 367 1796 eo
379 1743 499 1814 proximo
512 1743 666 1797 collocatam
678 1743 772 1808 tuisne,
785 1760 869 1814 noque
882 1759 998 1814 unquam
1010 1743 1194 1808 conveniam
1211 1744 1280 1815 qnod
1298 1743 1370 1814 apud
1382 1741 1458 1798 aare

291 1827 363 1882 bium
374 1829 510 1899 perspicue
523 1829 659 1882 Anatolius
671 1829 777 1882 indicat.
806 1827 981 1893 Quamobrem
994 1829 1029 1893 si,
1041 1833 1071 1882 ut
1082 1827 1217 1900 Scaligero
1228 1829 1459 1900 pennasiasimum

291 1919 342 1978 est,
355 1911 514 1985 Oalippicam
526 1915 660 1984 periodum
678 1921 704 1966 ct
720 1916 753 1968 ab
769 1931 801 1968 eo
815 1915 1004 1985 praescriptam
1014 1914 1114 1968 lunaris
1126 1931 1157 1968 ac
1169 1915 1262 1968 solaris
1274 1914 1338 1968 anni
1348 1913 1459 1968 sormam

289 1999 405 2069 amplexi
417 2005 478 2052 sunt
490 1999 590 2064 ludaei;
608 2001 731 2070 quoniam
749 1999 885 2070 aGalippo
902 1999 1044 2054 solstitium
1062 1999 1202 2064 aestivum,
1218 2005 1247 2054 ut
1261 2000 1330 2054 ideas
1343 1999 1459 2070 Scaliger

291 2085 379 2148 docet,
391 2086 561 2138 constitutum
573 2091 613 2138 est
624 2085 691 2140 lunii
704 2104 794 2151 ιιιιι,
812 2103 844 2140 ex
858 2102 889 2139 ea
901 2085 1000 2140 ratione
1012 2101 1121 2139 vernum
1133 2086 1342 2156 aequinoctium,
1361 2085 1459 2140 sisela

198 2211 203 2220 .
290 2171 327 2222 rie
339 2171 485 2224 anomaliae
497 2170 624 2224 rationem
633 2169 789 2235 habeamus,
802 2171 1061 2226 convenitinllartii
1070 2189 1150 2232 ιιιι,
1162 2169 1211 2224 hoc
1223 2177 1264 2224 est
1274 2169 1459 2224 disbualerms
1557 2215 1558 2240 ,

292 2269 409 2319 cosam,
426 2254 496 2308 horis
509 2273 555 2310 ιιι
572 2261 632 2328 post
643 2257 793 2309 solstitium.
829 2257 882 2310 Aut
892 2263 922 2310 nt
932 2255 1042 2312 Iudaeos
1055 2257 1236 2310 existimemus
1248 2253 1408 2325 quadranter
1419 2253 1460 2310 lu·

289 2340 373 2392 lianos
391 2339 521 2394 duntaxat
538 2341 702 2404 observasse,
726 2357 757 2394 ao
775 2359 821 2411 per
838 2341 946 2396 totidem
963 2339 1102 2412 Tekuphae
1120 2339 1306 2412 quadrifariam
1324 2339 1459 2412 Sosigenia

291 2441 389 2478 muum
398 2427 587 2496 sozopolites,
599 2431 660 2496 post
668 2426 795 2480 luliamm
805 2427 960 2491 editionem,
971 2428 999 2480 iu
1010 2427 1099 2481 Martii
1108 2444 1202 2482 rxvru.
1214 2427 1285 2481 idem
1295 2426 1362 2480 illud
1373 2427 1459 2496 asqui-

290 2510 405 2564 noctium
416 2511 564 2580 quadrabit,
576 2511 667 2564 diebus
676 2517 737 2582 post
745 2513 874 2566 aestivum
883 2515 1023 2568 solstitium
1034 2529 1168 2578 ocurrur,
1180 2511 1251 2566 horis
1261 2529 1330 2576 ιιιι,
1343 2510 1385 2566 30.
1403 2509 1459 2576 Quo

291 2595 395 2664 quidem
407 2595 448 2649 die
461 2595 594 2667 Calippios
604 2597 689 2652 lorme
706 2597 821 2651 defixum
839 2599 997 2668 aequinoctii
1013 2598 1143 2652 cardinem
1160 2603 1283 2668 perpetuo
1300 2597 1461 2660 sennense

289 2681 403 2734 utnulla
414 2681 586 2753 προέμιιτωσις
598 2689 676 2753 atque
688 2684 716 2736 iu
728 2685 858 2738 anteriora
869 2685 981 2738 recessio
993 2685 1141 2752 contingat,
1153 2683 1258 2738 tametsi
1270 2697 1362 2736 revera
1373 2683 1462 2752 aequi·

290 2767 407 2822 noctium
419 2769 530 2822 coeleste
542 2769 669 2838 paulatim
681 2765 841 2839 (lalippicani
853 2765 978 2839 epocham
991 2769 1120 2838 relinquat
1132 2785 1163 2821 eo
1175 2783 1304 2822 annorum
1315 2768 1461 2833 intervallo,

290 2851 360 2922 quod
372 2870 405 2906 err
417 2854 510 2924 tropici
521 2855 583 2907 anni
595 2852 745 2908 defiuitione
756 2854 859 2924 pendet.
895 2853 979 2917 Quare
990 2854 1105 2908 Anatolii
1120 2854 1240 2918 rasolo,
1254 2851 1386 2922 flagrante
1401 2869 1461 2907 curn

290 2939 405 2991 maxime
417 2937 549 3008 paschatis
562 2940 748 3002 controversia,
765 2939 880 2992 medium
898 2939 1091 3010 aequinoctium
1104 2939 1215 2992 alhaum
1227 2944 1268 2991 est
1278 2956 1314 2992 ιι.
1323 2937 1383 2992 Kal.
1392 2939 1462 3010 Apa,

291 3025 345 3075 sivo
354 3023 442 3075 Martii
452 3041 516 3077 ιιιι.
539 3023 682 3078 Nicaonum
692 3043 752 3078 uero
762 3025 901 3078 concilium
913 3025 940 3078 in
953 3043 999 3080 ιιι.
1009 3025 1076 3089 Kal,
1088 3025 1136 3078 hoc
1149 3031 1189 3077 est
1200 3042 1254 3077 ιιι.
1263 3023 1365 3087 Martii,
1377 3029 1461 3078 trans

288 3107 356 3161 tulit.
391 3107 447 3171 Quo
466 3125 498 3160 ex
517 3113 632 3178 tempore
650 3110 739 3162 citima
756 3111 894 3162 neomenia
910 3109 1040 3180 paschalis
1055 3109 1139 3163 haesit
1155 3111 1182 3162 in
1194 3127 1251 3164 vnr.
1267 3107 1324 3162 Eid.
1342 3109 1461 3173 mutin,

291 3193 336 3262 qui
348 3197 388 3244 ost
398 3209 480 3262 eoque
492 3195 590 3246 mensis
603 3203 722 3260 octavus,
740 3196 828 3248 citima
839 3211 900 3248 vero
913 3195 1107 3266 quartadecima
1118 3196 1144 3248 in
1158 3211 1220 3258 arn,
1236 3195 1291 3247 aive
1303 3195 1361 3264 ipso
1372 3195 1462 3264 aequi·

290 3277 371 3330 noctii
383 3277 432 3330 die.
455 3279 490 3330 At
501 3275 654 3332 ludaeorum
670 3281 759 3333 citima
774 3279 905 3350 paschalis
922 3281 1073 3345 neomenia,
1090 3281 1125 3345 si,
1142 3285 1171 3334 ut
1182 3279 1301 3348 Scaliger
1312 3280 1463 3344 momatur,

291 3361 452 3432 Galippicum
469 3364 530 3416 anui
547 3365 655 3418 modum
672 3367 755 3418 tribue
778 3372 839 3419 ante
857 3365 989 3420 Christum
1008 3366 1063 3420 lero
1083 3365 1196 3420 aesculis
1217 3366 1413 3436 usurpaverint,
1433 3367 1464 3420 in
1558 3363 1559 3428 l

290 3447 378 3500 Martii
390 3465 447 3502 ιιιι.
457 3447 498 3500 die
511 3449 654 3502 constiterit
666 3457 779 3520 oportet;
792 3451 865 3504 cuius
874 3451 1105 3521 decimaquartain
1113 3451 1201 3522 ipsum
1209 3450 1293 3504 civilis
1302 3451 1463 3520 aequinoctii
1558 3441 1559 3506 ἶ

291 3532 567 3602 Galippicitermiuum
580 3535 694 3599 caderet,
712 3553 806 3606 nempe
823 3537 851 3590 iu
868 3537 1044 3591 arvuMartii.
1078 3536 1183 3606 Exque
1196 3534 1295 3588 iactum
1308 3541 1463 3590 estntcum
1558 3533 1559 3540 ’

290 3617 364 3687 cyclo
376 3615 490 3672 Nicaeno
503 3637 566 3684 ιιι,
584 3621 629 3690 qui
641 3627 697 3674 erat
708 3621 827 3676 Iudaicus
840 3640 904 3686 ιιι,
916 3621 1054 3676 neomenia
1065 3619 1199 3692 Oalippica
1210 3620 1308 3682 civilis,
1324 3621 1412 3676 Martii
1423 3639 1462 3676 ra.

290 3707 457 3773 competeret,
469 3704 661 3776 decimaquarta
670 3723 730 3760 roro
739 3708 864 3760 moeeimo
877 3707 999 3772 secundo,
1012 3711 1072 3760 aute
1082 3705 1245 3777 Gslippioum
1256 3706 1464 3776 aequinoctium,

290 3789 408 3859 adeoque
419 3789 518 3842 mensis
530 3791 577 3844 iste
590 3791 660 3844 Adar
671 3797 755 3857 esset,
771 3791 853 3846 Nieau
866 3791 985 3846 ludoicus
997 3792 1163 3846 neomeniam
1174 3789 1295 3844 habuerit
1304 3791 1333 3845 in
1344 3809 1401 3849 vrri.
1414 3793 1465 3846 oir-

290 3876 354 3928 citer
365 3875 474 3946 Aprilis,
490 3883 559 3928 certe
571 3877 598 3930 in
610 3877 733 3930 Martium
745 3878 882 3930 convenire
893 3877 1001 3930 minime
1013 3877 1134 3946 potuerit.
1169 3873 1242 3940 Quod
1254 3875 1325 3930 idem
1336 3877 1406 3930 etde
1418 3893 1464 3946 cy·

290 3961 331 4014 clo
344 3977 399 4017 vrri.
412 3959 462 4014 dici
474 3977 580 4014 necesso
593 3969 640 4015 est.
664 3961 721 4024 Quo
733 3967 866 4026 currente,
878 3979 908 4015 ac
920 3961 1023 4016 ludaico
1034 3980 1066 4026 ν,
1079 3961 1217 4016 neomenia
1229 3959 1364 4032 Gallppica
1374 3963 1466 4016 Martii

290 4047 389 4098 mensis
407 4046 506 4099 docimo
525 4046 565 4100 die
583 4047 701 4116 configit.
737 4047 850 4116 ideoque
862 4047 943 4100 Nisan
958 4048 985 4100 iu
1000 4063 1099 4100 nouum
1110 4047 1205 4116 Aprilis
1217 4044 1465 4102 traducendnsluit.

291 4132 405 4200 Apparet
422 4148 483 4201 orgo
502 4132 537 4195 ei,
556 4131 626 4202 quod
641 4132 758 4200 Scaliger
775 4133 900 4196 defendit,
919 4132 1078 4202 Calippicam
1091 4132 1225 4202 periodum
1237 4131 1320 4184 tribus
1332 4131 1387 4185 iero
1398 4139 1464 4185 ante

291 4213 421 4269 Christum
433 4217 543 4270 saeculis
562 4218 683 4281 ascitam,
700 4217 808 4270 totidem
824 4217 878 4270 lere
894 4225 954 4288 poet
965 4217 1081 4270 eiusdem
1093 4218 1243 4288 passionem
1254 4217 1409 4270 retinuerint
1420 4217 1464 4270 lu·

290 4299 361 4364 daei,
379 4301 477 4356 nullam
494 4303 521 4355 in
536 4303 640 4356 illorum
652 4303 790 4354 neomenia
803 4303 976 4372 npor'prrnoorv
988 4303 1124 4366 incidisse,
1141 4318 1171 4354 ac
1188 4307 1291 4358 lautum
1308 4302 1415 4368 abusa,
1434 4311 1466 4356 ut

290 4385 394 4438 illorum
407 4385 522 4438 decimae
534 4393 641 4456 quartae
654 4385 789 4457 paschales
801 4389 995 4456 aequinoctium
1009 4387 1205 4452 avrtevorteriut,
1222 4393 1252 4440 ut
1267 4387 1356 4458 ipsum
1371 4389 1464 4457 potius

291 4470 484 4538 aequinoctium
496 4469 558 4522 arrh
570 4473 705 4541 προήγησιν
718 4472 833 4542 τροπικὸν
851 4475 885 4526 ab
902 4473 953 4524 illis
971 4473 1117 4546 recesserit,
1135 4487 1202 4542 quae
1215 4470 1279 4524 arrh
1290 4470 1464 4540 prrlqarvmora

291 4553 485 4624 aequinoctium
497 4557 622 4624 paulatim
635 4556 772 4625 quatriduo
785 4563 900 4611 moratae
913 4557 973 4612 sint.
991 4557 1031 4612 lta
1043 4557 1214 4612 nausimus
1226 4567 1266 4612 est
1278 4557 1423 4628 cyclum.
1437 4567 1466 4612 et
