3138 5044
307 329 387 387 cvm

306 490 333 539 et
343 485 525 556 antiquissime
535 485 645 540 concilis
655 486 760 556 cespius
771 484 958 549 mmbnormr,
977 489 1004 537 et
1013 482 1141 554 hodieque
1152 484 1181 537 in
1192 483 1348 553 menobogiis
1359 482 1469 536 scrinis

277 611 280 642 3
305 571 412 636 retinet,
425 577 472 624 ent
481 572 599 636 illorum,
616 577 663 625 sut
678 570 755 624 huius
772 571 909 624 entoritste
920 570 1002 624 tuisse
1014 570 1198 624 constitutam?
1216 568 1280 623 sdso
1296 575 1327 623 ut
1341 569 1390 638 qui
1399 567 1468 621 tm-

305 671 399 711 norum
413 657 642 728 Hebrssommque
657 663 712 710 tem
729 656 858 710 divensem
874 671 905 708 sc
922 655 1092 710 dissidentem
1108 661 1208 720 teneet,
1224 656 1294 708 iliius
1310 653 1414 707 decreto
1430 670 1469 712 re·

305 747 413 813 pugnet
431 741 494 806 Quis
506 748 547 796 est
557 749 644 796 entem
656 744 701 814 qui
713 741 762 796 boc
773 742 879 794 seecnio
891 740 1087 812 chronologiam
1096 741 1221 810 attinget,
1233 740 1339 811 quinon
1348 739 1471 793 Letinsm

206 841 226 881 ι·
236 829 279 872 ¹2⁰·
305 833 331 882 et
339 829 494 882 chssicem
506 830 586 884 istam
596 830 682 892 elteri,
695 843 773 898 quem
785 827 895 880 adscivit
903 827 1024 892 ecclesie,
1036 827 1244 897 anteponendum
1251 826 1403 879 existimet?
1420 824 1471 878 Pu
1566 879 1567 882 ,

305 919 347 967 est
357 914 385 967 in
396 930 458 967 sere
470 913 564 967 Christi
575 915 679 985 rotgeri
689 915 838 968 institutum
850 913 988 978 ecclcsiae,
1004 917 1034 966 ut
1050 929 1122 978 cem,
1139 911 1208 982 quod
1225 911 1294 982 epud
1308 909 1470 964 Christianos

306 1015 397 1054 omnes
409 999 556 1065 obtinuerit,
568 1000 601 1052 sd
613 1017 690 1054 usum
702 999 849 1063 transierat,
864 1004 952 1052 uuum
962 1015 1023 1051 vero
1036 999 1137 1068 abipso
1149 998 1231 1051 nubeli
1242 995 1339 1051 Christi
1348 1001 1470 1050 eccurste

305 1088 415 1157 repetite
425 1087 473 1152 sit,
489 1085 553 1138 nibil
564 1085 629 1138 sdec
640 1085 785 1156 perquiret,
800 1099 885 1154 neque
897 1083 931 1136 sd
942 1083 1007 1137 heco
1016 1083 1114 1137 leviore
1125 1085 1279 1153 grevitetom
1290 1083 1471 1138 sotonntem·

306 1189 356 1242 que
372 1188 462 1238 suem,
480 1187 547 1241 quse
564 1176 731 1224 secrosencts
742 1170 818 1223 debet
829 1186 898 1234 esse,
914 1169 1044 1240 interponi
1055 1169 1184 1240 pstintm.'
1200 1167 1284 1232 Quum
1294 1169 1323 1220 in
1334 1184 1391 1220 rem
1401 1168 1473 1220 celet
1566 1229 1567 1232 Ἴ

305 1258 445 1328 imprimis,
457 1257 527 1327 quod
539 1257 635 1310 Penius
646 1256 881 1326 ididdeiburgensis
893 1255 938 1308 lib.
948 1273 1005 1310 1111.
1018 1271 1075 1325 cop.
1085 1273 1121 1310 vr.
1134 1255 1260 1324 scriptum
1271 1254 1384 1323 reliquit.
1402 1253 1472 1306 Nem
1566 1239 1567 1266 ¹

305 1359 366 1396 oum
387 1343 521 1398 biennium
540 1343 618 1407 iliud,
639 1343 671 1396 ds
687 1359 739 1412 quc
757 1357 835 1412 supro
850 1341 978 1405 diximus,
994 1340 1115 1409 Dionysii
1130 1355 1205 1393 nerse
1222 1339 1313 1392 deesse
1330 1338 1472 1402 docuisset,

306 1429 416 1482 subinde
428 1429 479 1481 sibi
490 1427 560 1481 istud
572 1429 674 1492 obiicit,
686 1428 760 1496 sequi
771 1443 806 1480 ex
819 1444 849 1480 so
861 1426 942 1480 rideri
953 1427 1090 1479 ecciesism
1101 1425 1217 1478 inbellis
1228 1441 1258 1478 sc
1270 1425 1403 1494 rescriptis
1415 1425 1472 1477 suis

306 1515 433 1568 obem.
451 1513 500 1566 Oui
511 1513 548 1566 sic
561 1513 683 1567 occurritr
696 1512 839 1566 Ecclesism
850 1511 899 1565 bec
909 1517 1056 1582 temporum
1068 1511 1239 1564 subductione
1251 1511 1289 1564 nti
1297 1509 1413 1580 quidem,
1425 1509 1473 1562 sed

306 1599 414 1654 minime
429 1600 550 1670 proboso,
569 1615 661 1652 verum
677 1615 694 1650 n
709 1597 878 1668 chronologis
893 1602 1041 1650 mutustnm
1058 1613 1135 1650 snum
1151 1595 1185 1648 od
1200 1611 1277 1649 nsum
1292 1595 1472 1659 monuisse,

306 1685 428 1756 quicquid
443 1691 531 1738 entem
546 1685 610 1738 insit
624 1685 731 1748 erroris,
749 1683 775 1736 id
791 1683 842 1736 iilis
860 1699 931 1748 esse,
948 1699 1001 1736 non
1017 1681 1141 1736 ecclesius
1159 1681 1331 1734 tribuendum.
1354 1680 1394 1734 Ad
1406 1680 1472 1734 baec

306 1789 359 1824 non
374 1776 499 1842 perpetuo
516 1770 583 1824 benc
599 1771 626 1823 in
644 1770 752 1824 ecclesie
767 1769 921 1822 numerandi
936 1769 1065 1822 rationem
1080 1767 1210 1832 extitisse,
1230 1767 1276 1820 sed
1295 1772 1357 1820 ente
1371 1782 1471 1837 psucos

306 1873 402 1922 eunus,
419 1858 467 1910 sub
479 1857 597 1926 Eugenic
610 1875 658 1921 cv„
674 1855 769 1910 Blcndi
783 1853 967 1908 Forulisiensis
985 1852 1102 1918 hortatu,
1120 1853 1165 1923 qui
1179 1852 1312 1906 Pontifioii
1327 1851 1471 1922 collegiis

306 1943 411 1996 secretis
422 1943 539 1994 noterius
551 1947 617 2006 erat,
630 1941 779 1996 admissum.
797 1939 877 1994 Addit
888 1945 914 1993 et
925 1939 1080 2009 Dionysium
1091 1937 1224 2008 Exiguum
1235 1939 1310 1991 istius
1322 1953 1398 1990 nerse
1411 1953 1471 1990 con-

306 2029 415 2082 ditorem
427 2043 540 2082 errorem
552 2027 691 2096 agnovisse
705 2043 795 2092 suum,
810 2031 837 2079 et
849 2027 1002 2078 verecundia
1014 2028 1154 2094 confusum,
1167 2029 1196 2076 ut
1207 2023 1298 2078 scribit
1308 2022 1472 2094 Sigebertus,

299 2119 413 2183 stentem
425 2113 475 2164 sibi
482 2115 591 2182 possse
603 2115 717 2166 canonio
729 2115 864 2164 memus,
882 2111 952 2165 Hecu
963 2111 1059 2164 Penius
1071 2109 1102 2163 ds
1114 2125 1175 2164 sere
1185 2109 1362 2179 Dionysium
1379 2109 1407 2162 in
1420 2125 1473 2179 que

305 2197 516 2269 reprehendendo
526 2197 608 2251 multo
619 2198 663 2251 iiie
674 2197 899 2268 reprehendendus
911 2197 997 2266 magis
1015 2201 1066 2261 est,
1081 2201 1112 2250 ut
1125 2197 1153 2250 in
1169 2194 1346 2265 superioribus
1363 2195 1473 2263 plenum

306 2285 389 2339 cnivis
401 2301 460 2336 esse
470 2283 569 2336 iactum
580 2283 744 2336 confidimns.
768 2283 822 2336 Neo
833 2289 874 2336 est
885 2283 992 2336 cmninc
1004 2283 1144 2352 quicquam
1158 2281 1318 2350 sScsligero
1325 2319 1333 2345 ,
1349 2279 1473 2344 Calvisio,

306 2370 467 2439 caeterisque
479 2374 570 2421 contre
580 2367 647 2422 bunc
659 2369 766 2422 olintum
778 2369 848 2439 quod
858 2369 986 2422 momenti
996 2367 1094 2438 aliquid
1110 2365 1220 2431 hebent,
1237 2371 1339 2437 prester
1356 2381 1389 2418 ee
1405 2381 1474 2435 queo

306 2473 340 2510 ex
350 2453 459 2526 Iosepbo
468 2459 601 2524 petuntur,
614 2469 681 2524 quse
692 2471 725 2509 ne
736 2456 794 2526 ipse
803 2455 908 2525 quidem
919 2455 1023 2508 iliorum
1031 2453 1136 2506 biennio
1148 2451 1334 2522 suffragentur,
1346 2452 1474 2521 quonism

257 2587 261 2596 .
307 2559 360 2596 non
372 2541 474 2594 duobus
485 2540 586 2604 solum,
603 2540 648 2593 scd
661 2557 710 2606 ιι.,
727 2541 769 2594 rei
781 2559 805 2594 v.
822 2540 912 2594 solidis
929 2540 1005 2592 ennis
1017 2537 1113 2592 Christi
1130 2539 1245 2592 namen
1256 2537 1473 2592 antevertendum

306 2629 493 2681 demonstrent.
518 2625 589 2688 Ques
606 2642 648 2679 ros
663 2625 787 2680 adversus
805 2626 998 2680 nobilissimum
1013 2624 1137 2678 historice
1148 2625 1302 2695 scriptorem
1312 2624 1384 2678 viros
1396 2639 1473 2694 qnos

306 2714 367 2767 dem
378 2713 436 2784 pios
448 2729 480 2766 ec
489 2711 579 2766 doctos
590 2712 718 2766 maiorem
728 2713 756 2766 in
767 2712 875 2766 modum
886 2711 1041 2775 commovit3
1054 2715 1083 2764 ut
1094 2725 1173 2780 quem
1184 2709 1314 2763 mendacii
1323 2710 1474 2763 convictum
1566 2725 1567 2738 ¹

305 2805 440 2871 putarent,
456 2797 522 2851 nibil
538 2798 563 2851 ei
572 2799 653 2851 tribui
664 2799 810 2852 autoritatis
822 2813 853 2850 ec
864 2797 925 2850 fidei
935 2801 1095 2867 peterentur,
1110 2795 1264 2865 pressertim
1274 2795 1302 2848 in
1313 2795 1346 2848 iis
1359 2811 1429 2865 quse
1439 2795 1473 2848 ed

306 2885 415 2942 Herodis
431 2901 515 2938 ennos
533 2885 657 2948 sitinent,
672 2885 700 2937 iu
717 2884 812 2954 quibus
830 2884 944 2936 absurda
961 2891 1140 2952 etpcrtentosn
1156 2882 1293 2934 mendacio
1307 2881 1396 2934 inesse
1412 2897 1475 2934 cnm

307 2987 410 3024 summe
421 2970 597 3023 inconstantis
608 2975 634 3022 et
641 2969 819 3023 Romanorum
827 2969 969 3022 Annoiim
977 2967 1081 3021 inscitie
1088 2965 1265 3020 Ecclesimnci
1273 2965 1388 3022 duneles
1400 2965 1473 3020 effis-

306 3063 388 3110 msnt.
423 3055 482 3109 Non
498 3056 517 3108 ii
534 3071 639 3122 sumus,
656 3056 701 3126 qui
716 3071 879 3109 summorum
889 3055 1004 3108 virorum
1020 3053 1162 3106 memorien
1179 3057 1206 3106 et
1221 3051 1410 3106 existimationi
1427 3054 1474 3106 ob

307 3142 412 3194 trecteri
417 3141 534 3205 velimus,
544 3141 681 3212 praecipue
691 3139 890 3204 cetholicomm;
899 3145 929 3192 nt
936 3141 958 3192 si
968 3139 1030 3209 qnid
1038 3139 1072 3192 eb
1081 3138 1133 3192 illie
1142 3137 1283 3192 timbetum
1291 3139 1475 3192 commissum·

308 3243 358 3296 que
369 3227 417 3291 sit,
435 3227 550 3280 severine
562 3241 761 3296 persequemur3
778 3241 863 3295 nsque
875 3241 924 3278 nos
936 3225 1042 3278 omnino
1055 3224 1149 3278 cenius
1159 3223 1206 3292 ilie
1216 3222 1340 3278 fecundis
1354 3223 1475 3288 delectet,

308 3329 376 3382 ques
387 3311 530 3366 multomm
542 3311 679 3381 occeperit
689 3312 803 3381 ingenis.
826 3309 878 3364 Sed
889 3310 955 3364 iliud
965 3315 1053 3364 nmen
1065 3309 1134 3379 quod
1145 3309 1228 3364 cuivis
1239 3308 1289 3363 hoc
1300 3309 1476 3364 inliteratum

308 3413 404 3468 genere
416 3411 571 3451 conoessum
582 3402 635 3462 est,
652 3403 778 3466 uegetum
793 3397 869 3452 nobis
886 3413 944 3450 esse
961 3397 1095 3462 nolumus,
1111 3401 1142 3448 nt
1151 3395 1176 3448 si
1187 3395 1248 3465 quid
1259 3395 1335 3448 miter
1345 3399 1425 3464 etque
1437 3395 1476 3448 ilii

308 3483 437 3536 senserint
452 3483 539 3536 risum
554 3483 630 3536 nobis
642 3483 731 3548 inerit,
747 3482 774 3536 id
791 3483 905 3552 ingenue
917 3481 1086 3553 profiteamur
1098 3497 1128 3536 ec
1138 3481 1232 3545 libere;
1250 3497 1284 3536 ne
1296 3479 1358 3550 quid
1370 3481 1476 3534 veritati

307 3567 372 3622 heco
380 3570 446 3639 ipss,
458 3585 525 3639 quse
536 3569 633 3622 servire
645 3569 682 3622 iili
694 3567 778 3633 debet,
790 3568 859 3622 obsit
867 3566 1002 3622 hominum
1010 3568 1137 3622 autoritas
1146 3565 1380 3620 et'ccmmeudou'c.
1398 3565 1475 3630 Quod

307 3671 342 3710 ns
353 3655 485 3726 proesenti
496 3655 523 3707 in
535 3655 642 3724 negotio
655 3655 791 3724 continget
801 3669 961 3724 magnopere
973 3659 1013 3708 est
1023 3652 1174 3708 verendum.
1195 3649 1285 3722 Neque
1296 3667 1357 3706 roro
1369 3651 1476 3724 Iosepbi

306 3741 482 3813 patrocinium
493 3738 542 3794 hoc
554 3741 612 3794 loco
624 3741 795 3810 suscipimus,
809 3757 858 3794 noc
870 3753 969 3794 errssee
980 3739 1055 3792 ilium
1066 3737 1219 3802 inficiemur,
1232 3743 1278 3791 eut
1287 3743 1421 3808 postremo
1434 3739 1476 3791 rel

307 3828 446 3882 minimum
464 3831 553 3879 contre
567 3841 701 3880 secrernm
715 3825 795 3880 fidem
806 3826 940 3880 literarum
951 3825 1071 3894 scriptori
1081 3823 1129 3878 ulii
1139 3823 1287 3878 tribuimus.
1315 3821 1414 3878 Verum
1426 3841 1476 3878 nee
1566 3875 1567 3896 ,

308 3929 374 3983 quse
392 3913 425 3965 ed
441 3911 512 3966 iliius
527 3911 697 3966 minuendum
714 3911 937 3966 existimeticncm
953 3909 1096 3964 efferuntur
1110 3925 1173 3964 vers
1189 3913 1313 3979 putemus
1330 3909 1432 3974 omnin,
1448 3915 1477 3962 et
1566 3899 1567 3920 ¹

308 3999 378 4068 quod
389 3997 422 4052 od
433 3997 578 4052 recentiore
589 3997 743 4052 Indaeorum
753 4003 871 4068 tempore
882 4000 995 4068 spectet,
1013 3996 1151 4050 certiorem
1166 4009 1197 4048 sc
1214 3995 1418 4048 constantiorem
1428 3993 1474 4047 bs·

309 4085 400 4138 bemus
412 4091 503 4137 sutore
514 4084 565 4138 isto
577 4083 717 4138 nominem.
741 4081 892 4136 detentum
904 4083 989 4146 obest,
1001 4080 1066 4135 hoec
1077 4087 1107 4134 nt
1117 4087 1171 4134 tem
1182 4079 1300 4144 assidue,
1311 4085 1367 4134 tem
1379 4081 1475 4134 ecorbs

308 4181 369 4220 cnm
377 4167 633 4239 losephodnnslium
642 4168 818 4238 expostulatio
827 4167 858 4221 de
867 4169 936 4222 illine
946 4167 1015 4238 opud
1025 4183 1067 4220 me
1075 4165 1474 4229 fidercltsntiilumdetrexerit,
1566 4187 1567 4234 ι

309 4259 339 4306 nt
349 4250 398 4306 boo
408 4255 465 4324 ipsc
477 4255 592 4324 primum
603 4254 709 4306 nomine
721 4259 842 4322 suspecte
853 4270 911 4308 esse
925 4252 991 4308 mibi
1007 4252 1137 4306 sccnsetio
1155 4251 1201 4305 iile
1216 4251 1343 4321 coeperit,
1361 4252 1432 4320 quod
1446 4252 1475 4306 in
1566 4249 1567 4296 Ὗ

309 4353 368 4390 cem
379 4343 451 4392 tento
463 4339 598 4394 stomecho
609 4353 641 4392 sc
652 4338 729 4392 toties
740 4339 907 4394 incurrerent
928 4339 996 4392 Tum
1007 4338 1053 4392 nbi
1063 4335 1128 4392 boec
1139 4337 1265 4392 attentius
1276 4337 1396 4402 excussi,
1408 4351 1474 4408 queo
1566 4339 1567 4404 p

309 4423 342 4474 sd
353 4421 491 4491 losepbnm
508 4425 676 4479 evertendum
688 4423 849 4478 validissime
864 4423 1044 4488 credebantur,
1059 4422 1126 4477 nihil
1142 4423 1224 4476 stroei
1239 4423 1285 4477 iile
1300 4423 1474 4493 oestigetione
1566 4427 1567 4438 ¹

208 4536 229 4575 p.
240 4524 282 4566 ιιι.
308 4507 424 4576 iniquius
436 4513 477 4560 eet
487 4511 581 4564 visum.
603 4509 675 4572 Ques
686 4510 791 4564 temetsi
803 4510 865 4564 oiim
877 4527 894 4562 e
905 4527 947 4564 me
959 4507 1152 4574 ammadverse,
1164 4507 1297 4578 dispntsts
1306 4509 1473 4579 postmodnm

309 4591 343 4646 sb
355 4593 413 4644 eliis
431 4599 508 4661 etque
524 4594 656 4663 explicate
672 4594 798 4666 comperi,
809 4595 886 4650 iissre
897 4593 962 4648 mibi
971 4593 1076 4664 quidem
1085 4595 1196 4650 arbitror
1205 4610 1271 4664 qnae
1280 4595 1427 4664 perindont
1437 4593 1474 4648 iili
1566 4585 1567 4592 '
