3138 5044
1182 341 1265 398 ctxl

101 497 204 568 quodie
216 499 314 552 mensis
326 502 397 552 totns
408 497 463 552 iere
473 497 672 554 solennitatibus
684 501 832 567 occupatur.
860 495 927 550 Nam
939 495 963 550 si
974 496 1043 552 'lisri
1052 497 1080 552 iu
1091 496 1183 552 feriam
1194 515 1213 552 1.
1226 499 1265 551 in·

100 583 180 649 cidai,
197 583 299 638 decima
311 583 402 652 quinta
413 582 455 636 die
467 583 515 636 erit
525 583 693 652 scenopegia,
710 581 830 652 proxime
845 589 905 652 post
916 582 1062 638 sabbatum.
1090 581 1119 636 Si
1130 584 1157 636 in
1169 583 1265 648 1v.,ds·

99 669 168 722 aima
178 668 247 734 dies,
263 685 331 739 quae
344 668 442 722 iustum
454 673 494 722 est
504 667 655 738 Kippurim,
671 667 699 720 in
716 687 751 722 vr.
763 667 856 722 ieriam
871 668 993 722 insumet.
1029 666 1058 734 Si
1068 668 1096 722 in
1108 686 1143 722 ur.
1155 668 1266 738 deniqne

98 753 234 820 ceciderit,
251 753 409 826 scenopegia
425 771 460 808 ur.
472 752 538 806 ieris
548 754 668 822 proxime
680 758 741 806 ante
752 753 891 807 sabbatum
903 753 1045 822 continget.
1080 752 1110 806 ln
1121 752 1203 808 Nisan
1214 755 1266 808 alia

99 855 194 894 mussa
205 845 246 894 est
257 855 336 910 quum
348 839 458 892 duorum
470 839 640 892 sabbatorum
651 837 820 894 continuatio.
841 837 909 892 Nam
920 843 947 890 et
958 854 989 891 ea
1000 837 1109 892 devitari
1118 837 1199 892 nihilo
1211 855 1265 892 rna·

98 926 139 995 gis
150 925 257 995 poterit
281 923 315 978 Ut
327 941 387 978 cum
398 924 537 978 neomenia
547 923 629 978 Nisan
640 923 731 994 incipit
741 939 758 975 a
768 923 833 976 ieris
844 941 874 988 r.,
890 939 956 993 quae
967 923 1086 992 legitima
1097 931 1150 990 est,
1167 922 1266 976 decima

13 1043 15 1048 ,
99 1017 194 1080 qanta
205 1011 247 1066 die
258 1010 397 1064 sabbatum
409 1016 460 1073 est,
472 1009 629 1079 assequenti
641 1009 747 1064 solenne
758 1025 919 1079 azymorum.
946 1007 1054 1064 Caetera
1064 1025 1124 1062 cnm
1136 1009 1205 1080 apud
1216 1009 1266 1063 ile·

98 1095 207 1162 bracos,
218 1103 275 1150 tum
286 1112 321 1150 ex
332 1095 432 1149 Latinis
444 1094 512 1165 apud
523 1095 633 1148 Panium
644 1093 842 1165 Forosempron.
853 1095 899 1148 lib.
908 1113 964 1149 uni.
976 1100 1042 1165 part.
1050 1113 1092 1160 11.,
1103 1097 1267 1150 Mnusterum

99 1182 125 1234 in
135 1181 259 1246 Kalend,
271 1197 319 1236 neo
330 1197 384 1234 uon
396 1185 422 1234 et
433 1179 530 1250 Scaiig.
541 1180 586 1234 lib.
596 1197 625 1234 rr.
637 1187 663 1234 et
675 1197 721 1238 ura.
732 1179 764 1234 da
775 1179 883 1234 limand.
895 1179 984 1251 [lamp.
996 1181 1051 1252 legi
1060 1187 1194 1252 potarunt,
1210 1182 1266 1252 qui-

98 1267 147 1322 bus
158 1267 253 1320 merito
265 1265 472 1337 supersedemus.

167 1349 243 1405 Nunc
259 1351 324 1406 iliud
335 1353 362 1404 in
374 1351 582 1421 disquisitionem
593 1357 707 1417 uocatur,
724 1352 835 1406 tueritne
853 1352 947 1422 priscis
963 1359 1090 1424 usurpata
1105 1353 1266 1424 temporibus

99 1436 202 1492 domm
213 1454 244 1492 ac
256 1437 380 1492 feriarum
391 1437 436 1490 iiia
448 1437 592 1500 distinctim
610 1436 674 1492 adeo
690 1442 721 1490 nt
736 1453 787 1506 quo
805 1453 874 1492 auno
892 1453 986 1508 passus
998 1444 1038 1494 est
1050 1437 1166 1494 Christos
1178 1439 1267 1492 Iudaei

100 1539 132 1575 ex
143 1524 306 1594 praescripta
316 1522 430 1576 formula
440 1520 536 1592 pascha
548 1523 737 1578 transtulerint.
764 1523 982 1592 Antiquissimum
993 1523 1063 1578 hunc
1074 1541 1173 1578 morem
1184 1523 1266 1578 inisse

100 1613 126 1660 et
136 1614 198 1662 anie
208 1608 401 1662 Seleucidarum
412 1613 531 1678 tempora
540 1617 674 1678 receptum
685 1607 798 1662 defendit
808 1602 932 1677 Scaliger,
950 1615 976 1662 et
987 1625 1032 1662 our
1043 1609 1069 1662 id
1081 1610 1108 1664 in
1117 1609 1185 1664 Tisri
1193 1625 1266 1679 prae·

100 1694 190 1748 sertim
203 1694 370 1748 obseruatum
381 1693 427 1758 sit,
445 1709 565 1748 caussam
582 1709 638 1746 essa
654 1697 741 1762 putat,
758 1693 882 1762 quoniam
898 1709 977 1762 aegro
993 1698 1081 1748 coctos
1098 1693 1170 1748 cibos
1187 1694 1266 1748 biduo

100 1793 204 1832 servam
221 1786 329 1848 possent
344 1779 372 1832 in
389 1779 441 1832 iilis
459 1779 627 1848 regionibns,
648 1794 715 1848 quae
737 1785 861 1832 autumno
878 1777 1082 1832 ienennreimse
1100 1795 1157 1832 asse
1174 1779 1267 1832 solent.

100 1861 173 1926 Quae
184 1864 251 1918 ratio
264 1864 341 1918 tacite
353 1863 379 1916 id
390 1865 472 1918 sumit
483 1863 553 1933 quod
564 1863 615 1918 aiio
627 1863 685 1918 ioco
697 1863 837 1916 refutatum
850 1869 903 1927 est,
917 1863 997 1916 nullis
1013 1864 1118 1916 omnino
1130 1864 1203 1918 iestis
1215 1863 1266 1918 dis·

100 1948 149 2000 bus
161 1949 261 2004 cibaira
272 1963 382 2019 coquere
393 1948 496 2004 Iudaeis
509 1947 549 2002 ias
560 1949 651 2002 iuuisse.
685 1949 740 2002 Hoc
752 1964 812 2002 raro
830 1948 861 2002 de
877 1949 941 2002 solia
956 1948 1071 2002 sabbatis
1084 1954 1141 2014 aut,
1157 1949 1181 2004 si
1192 1949 1266 2016 iorte,
1292 1963 1313 2004 u·
1323 1954 1366 1994 ¹⁸¹·

100 2031 237 2104 liippnrim
248 2035 327 2088 etiam
339 2033 380 2088 die
391 2040 558 2104 praeceptum
570 2034 598 2088 in
608 2035 667 2104 lege
676 2033 757 2088 uetari
766 2033 1012 2098 demonstrauimus,
1024 2035 1052 2088 in
1063 2034 1170 2104 reliquis
1181 2035 1266 2090 solen-

100 2119 178 2172 nibus
190 2119 311 2174 serrilem
323 2135 428 2190 operam
437 2119 564 2176 dunmxat
573 2125 722 2190 exceptam,
734 2124 762 2173 ut
773 2135 840 2190 qnae
849 2119 882 2172 ad
890 2119 988 2172 sionim
997 2119 1108 2174 attinent
1116 2119 1184 2174 licite
1192 2137 1266 2192 prae·

101 2220 216 2274 parasse.
250 2203 303 2258 Sed
317 2203 485 2259 nihilominus
500 2205 698 2260 translationem
710 2203 903 2258 characterismi
913 2204 981 2258 'lisri
997 2205 1047 2258 sub
1063 2205 1205 2262 Seleucidis
1221 2208 1266 2260 ob·

101 2295 237 2344 muratam·
247 2291 339 2360 prohat
356 2291 401 2344 lib.
415 2307 456 2356 ru,
472 2291 518 2344 ubi
535 2289 567 2342 de
582 2290 687 2361 periodo
705 2289 859 2344 Indaeorum
876 2289 1040 2344 Alexandrea
1054 2290 1169 2358 disserit,
1189 2292 1266 2364 idque

102 2376 202 2445 aliquot
213 2375 340 2446 exemplis
352 2375 497 2430 confirmat.
521 2375 598 2430 Veint
610 2375 679 2444 quod
690 2390 759 2430 anuo
772 2375 916 2428 dominicae
929 2377 1058 2446 passionis
1069 2377 1149 2442 listi,
1167 2393 1227 2432 cnm
1238 2379 1266 2432 in

102 2477 173 2514 mv.
186 2459 258 2530 Sept
273 2461 338 2514 ieria
349 2461 373 2514 4.
389 2459 534 2524 incidisset,
550 2461 577 2514 in
590 2461 708 2530 quintam
719 2461 874 2514 translatum
886 2465 937 2527 est,
952 2468 1089 2532 propterea
1106 2463 1175 2532 quod
1186 2463 1266 2516 Nisan

102 2546 130 2600 in
140 2545 292 2610 sabbatum,
309 2545 358 2599 hoc
375 2551 415 2600 est
432 2563 494 2598 avr.
506 2545 570 2598 ieria
586 2546 614 2598 in
626 2563 672 2600 mr.
685 2545 825 2598 transierit
847 2545 915 2598 Nam
925 2552 982 2598 erat
993 2563 1077 2600 annus
1088 2547 1266 2601 Alexandreae

101 2631 176 2695 341„
193 2637 220 2684 et
233 2629 341 2701 proinde
353 2649 395 2686 au.
408 2631 507 2702 periodi
519 2649 542 2683 v.
578 2629 622 2683 Sic
638 2647 706 2683 anno
723 2629 819 2683 Christi
830 2647 890 2684 axx.
905 2632 1042 2684 neomenia
1058 2629 1140 2684 Nisan
1156 2649 1216 2685 cum
1233 2650 1266 2686 ax

101 2716 266 2770 Alexandrea
284 2718 356 2787 cyclo
373 2717 400 2769 iu
416 2715 507 2769 feriam
520 2733 564 2771 sn.
581 2716 741 2780 conveniret,
759 2715 785 2767 in
798 2733 816 2768 r.
828 2713 955 2767 translata
969 2721 1015 2768 est.
1050 2715 1119 2786 lirgo
1135 2723 1161 2770 et
1171 2717 1266 2770 i’isria

101 2801 167 2856 iuria
178 2821 213 2856 rv.
225 2802 253 2854 in
265 2819 289 2856 v.
301 2818 369 2856 anno
382 2803 553 2854 embolimaeo
566 2799 702 2854 deiectiro.
741 2797 814 2863 Quod
831 2805 917 2852 autem
933 2799 1015 2852 Niaan
1030 2800 1095 2853 ieris
1110 2801 1195 2871 primu
1209 2819 1265 2854 coe·

101 2889 169 2958 perit
179 2903 213 2940 ex
221 2903 258 2942 ‘eo
270 2887 369 2957 colligit
380 2885 450 2957 quod
462 2885 586 2956 Iosephus
599 2885 727 2938 decimam
739 2890 859 2955 quartam
870 2883 951 2938 Nisan
962 2886 1115 2940 conuenisse
1128 2886 1196 2940 dicat
1206 2903 1266 2941 oum

102 2992 155 3028 xus.
168 2973 269 3027 mensis
280 2972 381 3026 Iuliani.
406 2972 469 3026 Erat
484 2987 568 3024 annus
584 2971 683 3040 primus
695 2987 731 3024 vr.
742 2969 841 3040 periodi
857 2975 1047 3036 contractuum,
1064 2971 1132 3026 Tisri
1147 2990 1181 3026 ur.
1195 2972 1265 3044 Sept

101 3058 167 3112 ieris
177 3077 229 3128 ru,
241 3059 313 3127 cyclo
325 3057 387 3112 solis
399 3076 465 3112 uuir.
497 3056 634 3110 Translata
645 3055 732 3124 itaque
744 3056 881 3110 neomenia
892 3056 921 3110 in
932 3074 956 3108 v.
967 3055 1072 3122 iuriam,
1089 3063 1115 3110 et
1130 3065 1267 3128 propterea

102 3143 184 3198 h'isan
196 3160 214 3198 a
225 3161 271 3198 arr.
282 3144 311 3198 in
321 3161 340 3198 r.
347 3181 354 3208 ,
367 3159 433 3213 quae
444 3141 500 3196 Kal.
510 3142 570 3212 Apu.
584 3141 716 3206 conuenit,
729 3142 803 3211 cyclo
815 3141 877 3194 solis
889 3159 966 3196 xum.
978 3141 1111 3196 haductua
1123 3149 1171 3196 est

169 3229 268 3284 Verum
279 3227 307 3282 in
319 3235 427 3298 utruque
438 3227 656 3282 demonstratione
668 3227 710 3280 sui
721 3227 812 3282 similis
824 3226 1001 3295 estScaIiger,
1018 3233 1045 3280 et
1058 3228 1129 3281 adid
1140 3227 1210 3298 qu'od
1221 3231 1266 3283 du·

103 3315 175 3370 bium
187 3320 229 3370 est
239 3313 435 3386 approbandum
447 3313 526 3368 dubia
537 3314 623 3384 magia
634 3311 711 3366 affert
721 3317 748 3365 et
758 3313 863 3367 incerta.
888 3311 951 3375 Quis
964 3313 1034 3368 enini
1044 3311 1094 3366 hoc
1105 3315 1218 3384 primum
1228 3315 1267 3370 illi

103 3400 274 3466 concesserit,
289 3415 388 3454 aunum
402 3415 459 3454 esse
475 3399 603 3469 passionis
619 3398 707 3461 illum,
725 3413 803 3468 quem
819 3397 875 3468 ipse
890 3398 992 3463 statuit,
1008 3398 1137 3452 Iulianum
1148 3417 1266 3465 aarum,

104 3503 177 3542 aerae
189 3486 367 3555 Dionysianae
378 3489 491 3540 amru?
514 3483 582 3548 Quid
593 3484 617 3536 si
627 3488 760 3554 praetem
770 3498 805 3536 ne
816 3482 1007 3538 Alexandream
1018 3484 1123 3554 quidem
1134 3485 1211 3538 istam
1222 3503 1266 3556 pe·

104 3573 205 3626 riednm
218 3571 307 3624 iudaei
318 3585 434 3640 unquam
446 3569 561 3639 amplexi
572 3569 641 3622 sinti
657 3567 683 3621 id
699 3567 768 3637 quod
780 3573 857 3620 autea
868 3567 1047 3624 discussimus.
1084 3568 1168 3633 Quare
1179 3571 1220 3624 roi
1230 3572 1266 3624 ie·

104 3657 213 3710 rimima
223 3655 383 3710 inficiatione
398 3654 585 3708 demonstratio
601 3653 779 3724 Scaligeriana
792 3653 944 3708 convellitur
960 3669 1045 3724 neque
1060 3654 1162 3725 proficit
1176 3655 1265 3710 hilum.

104 3741 195 3812 Neque
205 3745 267 3794 raro
279 3741 385 3794 solidior
396 3755 427 3794 eo
438 3739 536 3796 tirmior
548 3741 695 3804 carattere,
711 3755 759 3792 neo
776 3739 863 3792 minus
878 3737 952 3794 falsie
964 3745 991 3791 et
1001 3740 1118 3794 obscuris
1128 3743 1266 3812 postulatis

104 3827 231 3882 inuititur.
250 3825 317 3880 Nam
326 3823 542 3896 quudiosephum
550 3825 586 3878 ait
594 3823 735 3878 xrv.Niaau
743 3839 803 3876 cum
811 3823 908 3892 Aprilis
919 3841 973 3880 arv.
985 3839 1054 3880 auno
1066 3826 1160 3880 excidii
1168 3827 1267 3882 Iudaici

104 3913 277 3982 coniungere,
288 3927 425 3981 nunquam
435 3911 461 3964 id
472 3908 596 3980 Iosephus
609 3908 686 3974 dixit,
698 3908 744 3962 sed
755 3923 906 3978 azymorum
917 3907 986 3962 diem
997 3927 1051 3964 uu.
1059 3910 1184 3966 Xanthioi
1194 3928 1266 3966 men·

105 3999 140 4052 sir
156 3996 283 4052 accidisse
300 3995 375 4050 docet
390 3995 436 4050 lib.
446 4014 470 4050 u.
483 3995 515 4048 da
526 3993 590 4050 Exo.
602 4009 659 4064 cap.
669 4011 718 4048 un:
737 3993 777 4046 sal
794 3997 836 4060 τῆς
852 3995 902 4046 τῶν
914 3991 1027 4064 ’induor
1043 3992 1159 4061 ἐνστάσης
1175 3993 1266 4066 ἡμέρας

106 4079 350 4154 τεσσαρεςκαιδεκάτῃ
364 4081 484 4132 Ξανθικοῦ
497 4079 585 4148 μηνὸς,
602 4076 626 4129 ἐν
640 4071 655 4148 ᾗ
668 4075 907 4130 δοκοῦσινἾουδαῖοι
924 4079 966 4130 τὸν
984 4081 1082 4149 πρῶτον
1095 4079 1266 4150 ἀπαλλαγῆναι

107 4167 190 4238 καιρὸν
202 4164 349 4236 Αἰγυπτίων.
384 4163 546 4220 Xanthicum
560 4163 683 4217 hocloco
694 4161 824 4218 Iulianum
833 4165 949 4236 Aprilem
965 4181 1023 4218 esee
1034 4165 1132 4218 divium
1142 4165 1265 4238 Scaliger,

107 4254 180 4324 qnasi
196 4259 322 4323 perpetuo
334 4251 517 4306 Macedonicas
532 4249 590 4302 illas
606 4249 736 4302 meusium
753 4249 939 4320 appellationes
954 4249 1061 4304 iulianis
1077 4251 1210 4306 mensibus
1226 4253 1265 4306 in-

106 4339 213 4402 diderit;
225 4335 294 4407 qued
306 4343 346 4392 est
354 4336 534 4390 falsissimum.
566 4333 634 4388 Nam
644 4333 791 4389 Xanthicns
802 4351 988 4406 saepenumero
1001 4335 1068 4392 idern
1081 4341 1121 4390 est
1131 4353 1161 4390 aa
1172 4336 1264 4404 Nisam

107 4431 135 4478 ut
145 4424 192 4478 lib.
201 4441 242 4478 m.
256 4422 326 4492 Orig.
338 4437 393 4494 cap.
404 4441 442 4477 ιι
454 4425 492 4492 τῷ
504 4419 531 4474 dl
543 4420 599 4490 μηνὶ
611 4423 648 4489 τῷ
661 4419 787 4491 Ξανθικῷ,
804 4418 831 4481 ὃς
843 4420 934 4473 Naeuiis
946 4419 1005 4491 παρ’
1016 4419 1074 4492 ἡμῖν
1087 4421 1208 4494 καλεῖται,
1225 4423 1264 4474 aul

107 4513 151 4560 τοῦ
159 4505 228 4568 ἔτους
237 4505 380 4577 ἐστὶνάρχὴ,
389 4502 631 4578 τεσσαρκκαιδεκάτῃ
638 4504 817 4576 ratiocinans,
827 4505 851 4558 ἐν
860 4511 921 4575 κριῷ
927 4504 1205 4572 roihllooaabrorriroc
1214 4514 1263 4564 etc.

107 4593 206 4664 paseha
215 4593 340 4648 celebrari
350 4591 452 4662 sentis,
463 4591 533 4665 quod
544 4595 570 4648 et
581 4607 638 4662 cap.
650 4609 686 4650 rx.
699 4591 731 4648 de
742 4605 832 4648 menas
843 4591 952 4646 dierat.

159 4697 224 4748 corp.
232 4697 357 4740 ldaaraasoi.
366 4697 403 4739 nu
1040 4695 1061 4750 Ι.
