3126 5046
184 507 216 562 N.
228 525 310 562 ωτι.
334 504 467 578 Ἐσομίνης
479 503 526 577 γάρ
538 506 578 560 καί
591 505 769 578 potinreinna]
802 507 849 562 Hic
865 509 1000 580 perspicue
1015 513 1074 580 post
1093 508 1216 562 iudicium
1231 508 1276 563 ho-

116 593 201 647 miues
213 598 308 648 terram
319 591 481 648 habitaturos
492 593 596 658 merit,
612 609 666 646 non
682 599 711 646 nt
722 591 861 647 chiliastae
873 593 906 646 ad
917 594 1018 664 aliquot
1027 593 1156 648 duntaxat
1165 595 1277 660 saecula,

115 679 155 734 de
166 685 197 734 ut
206 679 312 734 iuterim
322 693 444 750 suprema
454 679 500 735 illa
510 677 646 744 ielicitate,
663 677 713 732 hoo
729 684 769 734 eet
785 685 892 749 aspecto
908 679 948 732 dei
965 683 1094 744 carerent,
1110 695 1199 734 rernm
1212 685 1241 733 nt
1251 687 1278 733 et

115 769 240 835 perpetuo
252 764 279 820 in
291 769 360 822 terra
371 763 506 834 degerent,
517 770 544 820 et
553 780 657 822 summa
668 764 836 822 nihilominus
847 764 898 818 illie
910 780 940 820 ao
951 764 1064 835 perfecta
1075 765 1197 820 beatitate
1208 766 1276 820 frue-

114 856 213 906 rentur.

183 933 215 989 N.
227 953 306 990 xxxv.
331 931 423 990 Ἔπεσι
435 934 461 990 bl
473 932 602 990 άαλάσασα
612 935 628 1004 ἡ
640 933 756 1004 tohard]
778 935 849 990 Gerr.
862 935 966 1002 παίηττί.

182 1019 215 1075 N.
227 1038 339 1077 runnu.
362 1019 409 1074 llol
416 1020 458 1074 ἵνα
469 1019 503 1092 pl
515 1019 581 1093 ιίπρςς
594 1018 631 1074 ὅτι
642 1020 688 1074 οὐκ
700 1019 755 1090 dai]
791 1019 891 1074 Desunt
907 1022 1040 1076 nonnulla.
1063 1021 1101 1076 Ac
1112 1020 1178 1076 iorte
1190 1022 1227 1076 ita
1238 1039 1276 1077 re·

113 1105 281 1159 scribendum
293 1103 330 1158 bre
341 1104 376 1158 tel
388 1105 547 1176 διαλαμβάνει
558 1109 695 1170 σαοτιινῶς.

183 1189 215 1248 N.
226 1207 268 1246 ru.
292 1189 384 1244 Δοιπὶνν
395 1195 439 1244 τοῦ
451 1190 592 1260 Melatton]
624 1193 755 1248 flmtenm
769 1192 883 1246 Procius.
910 1192 1038 1263 Deinceps
1054 1191 1179 1246 Methodii
1189 1199 1276 1264 partes

113 1281 189 1340 sanc,
209 1276 255 1345 qui
272 1275 394 1330 adversus
412 1276 550 1347 Origenem
570 1277 685 1343 disserit,
705 1279 779 1332 cuins
796 1278 968 1350 patrocinium
985 1294 1002 1330 a
1019 1277 1108 1332 Procle
1127 1285 1277 1350 susceptum

113 1361 192 1432 paulo
204 1366 264 1432 post
273 1361 378 1416 indicat.
401 1362 498 1416 Verum
509 1364 533 1417 ei
544 1363 627 1418 Procli
638 1369 679 1416 est
690 1378 722 1416 aa
733 1363 886 1434 disputatio,
899 1380 964 1433 qnae
976 1380 992 1416 a
1003 1381 1075 1418 nom.
1087 1381 1149 1418 nvn.
1162 1363 1194 1418 ad
1206 1363 1275 1418 hunc

113 1461 198 1516 usqae
218 1449 370 1516 pertaxltur,
391 1465 444 1502 non
461 1447 535 1504 rideo
553 1449 771 1519 quemadmodum
789 1448 908 1518 Origenis
926 1465 1045 1502 caussam
1062 1448 1194 1514 defendat,
1216 1466 1275 1502 cnm

112 1531 170 1584 dus
182 1529 279 1602 dogma
290 1531 447 1588 validissima
458 1533 559 1590 refellat
575 1539 601 1588 et
614 1533 829 1588 resurrectionem
842 1550 978 1604 corporum
987 1533 1107 1587 affirmet.
1125 1533 1177 1586 Sed
1191 1551 1275 1606 neque

112 1614 241 1670 hiethodii
257 1633 417 1688 consequens
434 1617 553 1674 refutatio
574 1619 608 1672 ad
624 1619 818 1674 antecedentem
836 1617 919 1672 Procli
939 1635 1084 1672 sermonem
1104 1619 1229 1688 pertinet,
1250 1625 1276 1672 et

112 1701 304 1772 Aglaophontie
315 1703 460 1757 orationem
471 1705 613 1770 convincit,
632 1720 697 1774 qnae
709 1704 781 1758 nulla
791 1703 832 1756 hic
844 1709 923 1756 extat
946 1703 993 1756 Hie
1009 1704 1089 1772 igitur
1105 1701 1207 1756 haereo.
1230 1705 1274 1756 Al·

113 1803 164 1856 que
175 1793 223 1842 aut
233 1788 392 1860 transposita
403 1797 449 1842 aut
460 1789 558 1844 omissa
568 1789 690 1860 pleraque
701 1789 760 1842 istie
772 1789 853 1842 inisse
864 1789 1002 1844 uerisimde
1015 1793 1061 1840 est.
1089 1787 1173 1852 Quae,
1185 1789 1209 1840 si
1221 1789 1273 1842 hie-

112 1871 196 1926 thodii
207 1873 273 1928 liber
284 1878 397 1939 extaret,
409 1873 521 1928 discerni
533 1874 714 1944 emendarique
725 1879 840 1944 possent.

179 1957 212 2013 N.
225 1975 285 2014 rav.
308 1957 412 2012 Δίλυιαι
424 1959 464 2012 acl
476 1959 504 2012 rb
517 1951 594 2030 εἶναι]
625 1959 763 2031 pruucte
774 1959 867 2014 vocula
879 1950 937 2011 eleas
949 1963 1081 2030 ntonnqne
1093 1957 1221 2013 sententia
1232 1975 1273 2012 co·

112 2040 236 2096 merebit
1269 2043 1272 2050 ’

180 2127 212 2186 N.
224 2147 306 2187 auru.
329 2127 400 2182 ’lii’
413 2129 471 2184 eibi
483 2127 496 2184 b
508 2127 648 2192 ἀπόστολος
660 2121 816 2198 ὑποτίθεται]
851 2128 998 2184 Methodiue
1015 2129 1053 2184 ita
1068 2130 1099 2182 de
1111 2130 1222 2200 apostoli
1233 2147 1273 2182 ra-

111 2218 158 2284 ptu
175 2215 265 2279 sentit,
283 2221 312 2270 ut
327 2215 355 2270 in
372 2215 473 2272 coelum
488 2217 587 2288 primo,
604 2223 660 2272 tum
675 2217 703 2272 in
718 2215 868 2288 paradisum
883 2221 1014 2270 terrenum
1025 2216 1060 2269 ait
1070 2221 1187 2280 erectus,
1205 2215 1274 2286 quod

111 2299 219 2354 uberius
231 2299 352 2354 declarat.

179 2383 211 2438 N.
224 2402 286 2440 aru.
309 2383 346 2438 Oi
358 2385 405 2456 γάρ
418 2383 456 2456 lq’
468 2385 526 2457 ἡμῖν
538 2385 624 2456 ὅλως]
656 2388 792 2442 Praeclara
809 2393 835 2440 et
846 2386 973 2442 catholica
983 2387 1120 2457 apostolici
1130 2387 1199 2440 illins
1212 2386 1274 2439 dicti

111 2470 254 2535 sententia,
267 2487 346 2541 qnam
356 2471 503 2526 Methodiua
516 2475 635 2544 exponit,
648 2478 674 2526 et
685 2472 808 2527 aduersus
819 2471 958 2526 hodiernae
969 2471 1082 2526 haeresis
1094 2471 1224 2526 inscitiam
1236 2479 1273 2524 at-

111 2573 162 2626 que
173 2555 368 2628 improbitatem
379 2557 541 2612 observanda
552 2557 696 2628 diligenter,
708 2558 754 2628 qui
765 2558 1013 2628 concupiscentiam,
1031 2564 1057 2610 et
1073 2573 1139 2628 quae
1155 2574 1189 2610 ex
1204 2557 1273 2610 illius

112 2641 269 2712 conmgione
279 2641 368 2696 inritis
380 2643 456 2698 uobis
468 2643 606 2714 obrepunt,
624 2659 684 2696 rere
696 2659 753 2696 ease
764 2649 871 2714 peccata
882 2641 1022 2708 definiunt,
1038 2658 1089 2712 quo
1104 2642 1208 2694 nomine
1221 2659 1273 2694 non

111 2725 166 2784 mm
177 2725 312 2797 ααάαροίνς,
324 2727 370 2780 sed
382 2723 532 2798 ἀκαθάρτους
544 2735 570 2782 et
580 2728 770 2798 impurissimos
783 2744 811 2781 se
823 2744 879 2782 esse
891 2727 983 2780 merito
996 2725 1156 2796 profitentur.

178 2810 211 2867 N.
224 2829 299 2868 uxrrr.
322 2809 384 2864 ‘ist
398 2817 441 2864 τοῦ
454 2813 589 2884 μακαρίτου
601 2811 744 2884 hlodohico]
766 2811 874 2866 Notabis
885 2809 1045 2864 Methodium
1057 2811 1107 2863 alio
1120 2811 1223 2864 nomine
1236 2810 1273 2864 di·
1299 2825 1320 2864 e·
1328 2813 1373 2855 Μ·

111 2901 184 2952 ctum
194 2897 344 2951 linbulinm.

179 2980 281 3044 Πάντως
293 3000 340 3034 που
353 2981 393 3035 καί
404 2979 450 3050 ἔπη
462 2985 589 3051 τοσαῦτα]
613 2979 682 3049 Ἔπη
693 2988 754 3038 aunt
764 2983 855 3048 verba,
866 2999 919 3036 uon
931 2997 1029 3037 verene.

178 3065 210 3122 El
220 3064 268 3138 γάρ
280 3065 343 3120 ἐστιν
355 3067 442 3136 ἀληθὲς
453 3067 467 3121 b
480 3067 533 3140 περί
547 3071 592 3120 σοῦ
610 3065 711 3140 ᾄδεται]
745 3069 794 3122 Hic
810 3069 853 3122 ille
870 3069 944 3122 locus
962 3073 1014 3134 est,
1032 3084 1065 3120 ex
1084 3083 1134 3138 quo
1152 3052 1271 3120 Rufinus

111 3153 233 3223 Origeuis
250 3152 393 3220 adamum,
411 3159 437 3207 et
453 3153 487 3206 ab
498 3153 656 3224 Hieronymo
674 3161 752 3226 atque
763 3153 907 3226 Epiphanio
921 3154 953 3207 ob
969 3154 996 3207 id
1013 3153 1125 3220 alienae,
1142 3153 1274 3206 asserebat

109 3235 286 3309 Epiphaniam
297 3239 409 3292 iactasse
421 3257 447 3292 ιι
458 3239 583 3294 librorum
593 3239 667 3292 milia
682 3239 715 3292 ab
728 3238 839 3310 Origene
856 3239 1001 3310 conscripta
1016 3256 1044 3293 se
1060 3239 1164 3308 legisse.
1198 3237 1273 3301 Quod

110 3321 283 3394 nugacissimi
299 3339 330 3376 ao
345 3324 481 3378 vanissimi
497 3323 609 3378 hominis
627 3330 802 3378 commentum
818 3325 912 3378 refellit
926 3325 1098 3394 Hieronymus
1114 3323 1189 3396 Apol.
1200 3343 1229 3378 11.
1245 3323 1272 3376 io

109 3407 232 3464 eundem.
260 3407 396 3480 Nusquam
413 3410 483 3462 enim
500 3415 545 3463 aut
562 3409 593 3464 de
609 3411 734 3464 librorum
750 3426 860 3464 numero
881 3409 1020 3463 affirmarit
1035 3408 1207 3480 Epiphanius,
1228 3414 1273 3462 ant

109 3493 219 3547 totidem
237 3510 253 3546 a
270 3510 299 3547 se
316 3495 398 3548 lectos
416 3493 585 3550 confirmavit
619 3495 698 3548 Addit
708 3495 811 3549 Hleron.
824 3495 855 3549 de
868 3495 987 3566 Origeuis
1004 3495 1107 3566 scriptis
1119 3495 1223 3548 Eusebii
1234 3499 1272 3547 te-

108 3580 271 3633 stimonium.

177 3663 209 3718 N.
220 3683 292 3718 cunr.
310 3663 355 3717 liei
367 3665 464 3734 διαιρεῖν
474 3661 504 3726 τίς
515 3661 713 3734 abreselensis]
734 3665 799 3719 Cum
810 3667 917 3720 rubrum
929 3681 999 3720 mare
1010 3666 1165 3718 traiecerunt
1175 3665 1272 3729 ludaei,

107 3749 219 3804 totidem
231 3751 371 3821 impressas
383 3751 452 3816 das,
464 3755 528 3820 quot
539 3757 612 3804 erant
622 3751 717 3817 tribus,
729 3751 904 3805 Hebraeorum
915 3752 1018 3805 traditio
1031 3757 1081 3817 eet,
1094 3765 1171 3821 quam
1182 3749 1271 3819 Orige-

107 3851 155 3888 nes
168 3841 312 3901 memorat,
322 3835 419 3891 Homil.
429 3853 454 3892 v.
465 3835 493 3888 in
504 3835 638 3902 ondum,
650 3843 676 3890 et
686 3835 819 3892 Himchins
831 3837 858 3889 in
870 3835 937 3891 Paul.
948 3851 1053 3890 cxxxvi.

177 3919 210 3975 N.
224 3938 285 3976 ux.
308 3918 350 3982 Ὧς
362 3919 402 3972 aul
415 3917 428 3973 ὃ
441 3919 551 3974 καλλίων
563 3921 716 3992 μακαρίτης]
740 3921 810 3977 Gerr.
825 3918 858 3982 ὡς
871 3921 910 3972 παλ
922 3919 1022 3972 κάλλιον
1035 3919 1048 3971 ά
1062 3920 1202 3990 μακαρίτης.

177 3999 265 4057 Ἔστιν
277 4002 335 4058 ἰδεῖν
347 4001 377 4057 τά
389 4001 517 4077 ἐπίχειρα]
552 4005 628 4060 Forte
639 4003 670 4058 rb
681 4003 719 4060 leri
731 4009 815 4078 χεῖρα,
831 4006 895 4059 haec
912 4021 978 4076 quae
989 4021 1050 4076 prae
1061 4007 1181 4060 manibus
1193 4004 1271 4059 habe·

106 4107 169 4145 mue
183 4107 214 4144 ac
226 4089 258 4144 de
270 4091 364 4162 quibus
376 4092 487 4162 eginum

178 4175 211 4230 N.
221 4194 292 4230 nxrs.
305 4175 351 4228 Καὶ
359 4175 481 4246 Σολομὼν
491 4173 515 4228 ἓν
524 4175 686 4247 Παροιμίαις]
704 4177 820 4248 Longius
832 4177 958 4230 arcessita
968 4175 1032 4230 huec
1043 4177 1093 4230 loci
1105 4175 1181 4230 huius
1193 4177 1269 4231 inter-

105 4261 222 4332 pretatio
240 4265 266 4314 et
281 4261 313 4314 ed
326 4260 451 4316 Graecam
467 4261 606 4315 editionem
618 4262 819 4317 accommodata.
851 4263 918 4317 Nam
930 4263 1047 4316 Hebraea
1057 4262 1157 4315 nnllam
1168 4267 1270 4316 senten

104 4349 160 4402 tiae
172 4347 244 4400 illiue
255 4346 473 4416 significationem
483 4347 640 4418 praeierunt.
673 4347 795 4403 Hortatur
810 4349 928 4422 sepiens,
944 4355 973 4403 nt
987 4349 1098 4402 rusticae
1114 4347 1152 4402 rei
1166 4353 1192 4402 et
1202 4349 1270 4420 agri·

105 4435 227 4488 culturae
238 4431 348 4502 άίίίςουι
357 4429 482 4487 habeatnr
492 4432 567 4485 ratio.

178 4517 249 4574 (bad
261 4515 308 4588 γάρ
320 4516 343 4570 ol
355 4516 518 4590 φυσιολόγοι]
541 4515 647 4582 blaciae
658 4519 777 4575 meminit
787 4520 814 4574 in
826 4521 962 4574 decorato.
