<?xml version="1.0" encoding="UTF-8"?>
<!DOCTYPE html PUBLIC "-//W3C//DTD XHTML 1.0 Transitional//EN"
    "http://www.w3.org/TR/xhtml1/DTD/xhtml1-transitional.dtd">
<html xmlns="http://www.w3.org/1999/xhtml" xml:lang="en" lang="en">
 <head>
  <title>
</title>
<meta http-equiv="Content-Type" content="text/html;charset=utf-8" />
  <meta name='ocr-system' content='tesseract 3.04.00' />
  <meta name='ocr-capabilities' content='ocr_page ocr_carea ocr_par ocr_line ocrx_word'/>
</head>
<body>
  <div class='ocr_page' id='page_1' title='image "./corporishaerese05oehlgoog_0140.png"; bbox 0 0 3138 5044; ppageno 0'>
   <div class='ocr_carea' id='block_1_1' title="bbox 1149 331 1273 388">
    <p class='ocr_par' dir='ltr' id='par_1_1' title="bbox 1149 331 1273 388">
     <span class='ocr_line' id='line_1_1' title="bbox 1149 331 1273 388; baseline -0.008 0"><span class='ocrx_word' id='word_1_1' title='bbox 1149 331 1273 388; x_wconf 78' lang='lat' dir='ltr'><strong>cxxvn</strong></span> 
     </span>
    </p>
   </div>
   <div class='ocr_carea' id='block_1_2' title="bbox 109 486 1274 730">
    <p class='ocr_par' dir='ltr' id='par_1_2' title="bbox 109 486 1274 730">
     <span class='ocr_line' id='line_1_2' title="bbox 109 486 1274 554; baseline 0.001 -12"><span class='ocrx_word' id='word_1_2' title='bbox 109 488 190 542; x_wconf 77' lang='lat' dir='ltr'><strong>lienis</strong></span> <span class='ocrx_word' id='word_1_3' title='bbox 201 488 337 544; x_wconf 87' lang='lat' dir='ltr'><strong>mensibus</strong></span> <span class='ocrx_word' id='word_1_4' title='bbox 348 487 484 544; x_wconf 79' lang='lat' dir='ltr'><strong>tribuerit?</strong></span> <span class='ocrx_word' id='word_1_5' title='bbox 500 490 539 542; x_wconf 84' lang='lat' dir='ltr'><strong>Ac</strong></span> <span class='ocrx_word' id='word_1_6' title='bbox 547 495 609 544; x_wconf 87' lang='lat' dir='ltr'><strong>tnnc</strong></span> <span class='ocrx_word' id='word_1_7' title='bbox 617 487 728 542; x_wconf 83' lang='lat' dir='ltr'><strong>October</strong></span> <span class='ocrx_word' id='word_1_8' title='bbox 737 489 816 554; x_wconf 83' lang='lat' dir='ltr'><strong>Tiari,</strong></span> <span class='ocrx_word' id='word_1_9' title='bbox 828 487 975 542; x_wconf 84' lang='lat' dir='ltr'><strong>November</strong></span> <span class='ocrx_word' id='word_1_10' title='bbox 983 486 1181 542; x_wconf 79' lang='lat' dir='ltr'><strong>hlmehesurrm</strong></span> <span class='ocrx_word' id='word_1_11' title='bbox 1188 487 1274 543; x_wconf 75' lang='lat' dir='ltr'><strong>tuerit.</strong></span> 
     </span>
     <span class='ocr_line' id='line_1_3' title="bbox 110 572 825 644; baseline 0.001 -16"><span class='ocrx_word' id='word_1_12' title='bbox 110 574 165 628; x_wconf 83' lang='lat' dir='ltr'><strong>Sed</strong></span> <span class='ocrx_word' id='word_1_13' title='bbox 177 573 254 628; x_wconf 89' lang='lat' dir='ltr'><strong>buius</strong></span> <span class='ocrx_word' id='word_1_14' title='bbox 266 575 304 630; x_wconf 88' lang='lat' dir='ltr'><strong>rei</strong></span> <span class='ocrx_word' id='word_1_15' title='bbox 316 581 418 644; x_wconf 86' lang='lat' dir='ltr'><strong>praeter</strong></span> <span class='ocrx_word' id='word_1_16' title='bbox 430 575 603 628; x_wconf 82' lang='lat' dir='ltr'><strong>coniecturam</strong></span> <span class='ocrx_word' id='word_1_17' title='bbox 615 572 679 628; x_wconf 91' lang='lat' dir='ltr'><strong>nihil</strong></span> <span class='ocrx_word' id='word_1_18' title='bbox 690 573 825 630; x_wconf 84' lang='lat' dir='ltr'><strong>habemns.</strong></span> 
     </span>
     <span class='ocr_line' id='line_1_4' title="bbox 179 657 1274 730; baseline -0.004 -16"><span class='ocrx_word' id='word_1_19' title='bbox 179 659 211 714; x_wconf 80' lang='lat' dir='ltr'><strong>N.</strong></span> <span class='ocrx_word' id='word_1_20' title='bbox 224 677 287 713; x_wconf 82' lang='lat' dir='ltr'>xxv.</span> <span class='ocrx_word' id='word_1_21' title='bbox 311 659 361 711; x_wconf 70' lang='lat' dir='ltr'><strong>uss</strong></span> <span class='ocrx_word' id='word_1_22' title='bbox 373 657 421 730; x_wconf 77' lang='grc' dir='ltr'><strong>γὰρ</strong></span> <span class='ocrx_word' id='word_1_23' title='bbox 434 661 532 729; x_wconf 78' lang='grc' dir='ltr'>πρῶτον</span> <span class='ocrx_word' id='word_1_24' title='bbox 544 657 671 726; x_wconf 66' lang='lat' dir='ltr'><strong>descende]</strong></span> <span class='ocrx_word' id='word_1_25' title='bbox 706 660 795 712; x_wconf 88' lang='lat' dir='ltr'><strong>Priore</strong></span> <span class='ocrx_word' id='word_1_26' title='bbox 810 661 853 726; x_wconf 77' lang='grc' dir='ltr'><strong>τῆς</strong></span> <span class='ocrx_word' id='word_1_27' title='bbox 869 659 991 729; x_wconf 65' lang='lat' dir='ltr'><strong>appetitur:</strong></span> <span class='ocrx_word' id='word_1_28' title='bbox 1008 673 1076 712; x_wconf 83' lang='lat' dir='ltr'><strong>anno</strong></span> <span class='ocrx_word' id='word_1_29' title='bbox 1087 659 1217 712; x_wconf 87' lang='lat' dir='ltr'><strong>neminem</strong></span> <span class='ocrx_word' id='word_1_30' title='bbox 1230 657 1274 710; x_wconf 78' lang='lat' dir='ltr'><strong>nd·</strong></span> 
     </span>
    </p>
   </div>
   <div class='ocr_carea' id='block_1_3' title="bbox 108 743 1273 1002">
    <p class='ocr_par' dir='ltr' id='par_1_3' title="bbox 108 743 1273 1002">
     <span class='ocr_line' id='line_1_5' title="bbox 108 743 1273 816; baseline -0.002 -18"><span class='ocrx_word' id='word_1_31' title='bbox 108 753 245 798; x_wconf 77' lang='lat' dir='ltr'><strong>versutum</strong></span> <span class='ocrx_word' id='word_1_32' title='bbox 257 761 315 798; x_wconf 88' lang='lat' dir='ltr'><strong>esse</strong></span> <span class='ocrx_word' id='word_1_33' title='bbox 324 744 426 798; x_wconf 71' lang='lat' dir='ltr'><strong>obusto</strong></span> <span class='ocrx_word' id='word_1_34' title='bbox 438 759 524 814; x_wconf 82' lang='lat' dir='ltr'><strong>neque</strong></span> <span class='ocrx_word' id='word_1_35' title='bbox 533 759 623 798; x_wconf 81' lang='lat' dir='ltr'><strong>rernm</strong></span> <span class='ocrx_word' id='word_1_36' title='bbox 635 751 687 810; x_wconf 83' lang='lat' dir='ltr'><strong>eet,</strong></span> <span class='ocrx_word' id='word_1_37' title='bbox 699 761 783 816; x_wconf 87' lang='lat' dir='ltr'><strong>neque</strong></span> <span class='ocrx_word' id='word_1_38' title='bbox 796 761 828 798; x_wconf 84' lang='lat' dir='ltr'><strong>er</strong></span> <span class='ocrx_word' id='word_1_39' title='bbox 840 743 991 815; x_wconf 78' lang='lat' dir='ltr'><strong>Epiphanii,</strong></span> <span class='ocrx_word' id='word_1_40' title='bbox 1003 744 1044 797; x_wconf 86' lang='lat' dir='ltr'><strong>rel</strong></span> <span class='ocrx_word' id='word_1_41' title='bbox 1055 759 1144 797; x_wconf 88' lang='lat' dir='ltr'><strong>eornm</strong></span> <span class='ocrx_word' id='word_1_42' title='bbox 1157 744 1273 796; x_wconf 88' lang='lat' dir='ltr'><strong>omnium</strong></span> 
     </span>
     <span class='ocr_line' id='line_1_6' title="bbox 109 828 1273 900; baseline 0 -16"><span class='ocrx_word' id='word_1_43' title='bbox 109 831 157 900; x_wconf 83' lang='lat' dir='ltr'><strong>qui</strong></span> <span class='ocrx_word' id='word_1_44' title='bbox 165 831 216 884; x_wconf 82' lang='lat' dir='ltr'><strong>trin</strong></span> <span class='ocrx_word' id='word_1_45' title='bbox 224 830 350 884; x_wconf 82' lang='lat' dir='ltr'><strong>dnnurat</strong></span> <span class='ocrx_word' id='word_1_46' title='bbox 358 828 481 900; x_wconf 76' lang='lat' dir='ltr'><strong>paschata</strong></span> <span class='ocrx_word' id='word_1_47' title='bbox 490 836 640 895; x_wconf 78' lang='lat' dir='ltr'><strong>numerant,</strong></span> <span class='ocrx_word' id='word_1_48' title='bbox 652 830 774 900; x_wconf 88' lang='lat' dir='ltr'><strong>opinione</strong></span> <span class='ocrx_word' id='word_1_49' title='bbox 785 829 888 883; x_wconf 81' lang='lat' dir='ltr'><strong>delendi</strong></span> <span class='ocrx_word' id='word_1_50' title='bbox 899 837 995 900; x_wconf 84' lang='lat' dir='ltr'><strong>potest,</strong></span> <span class='ocrx_word' id='word_1_51' title='bbox 1012 835 1041 882; x_wconf 89' lang='lat' dir='ltr'><strong>nt</strong></span> <span class='ocrx_word' id='word_1_52' title='bbox 1052 829 1085 882; x_wconf 79' lang='lat' dir='ltr'><strong>nd</strong></span> <span class='ocrx_word' id='word_1_53' title='bbox 1096 845 1167 885; x_wconf 91' lang='lat' dir='ltr'><strong>num.</strong></span> <span class='ocrx_word' id='word_1_54' title='bbox 1176 845 1273 884; x_wconf 80' lang='lat' dir='ltr'><strong>xamrr.</strong></span> 
     </span>
     <span class='ocr_line' id='line_1_7' title="bbox 109 913 1209 1002; baseline 0.002 -34"><span class='ocrx_word' id='word_1_55' title='bbox 109 916 340 981; x_wconf 67' lang='lat' dir='ltr'><strong>demutabitur,</strong></span> <span class='ocrx_word' id='word_1_56' title='bbox 354 916 398 970; x_wconf 91' lang='lat' dir='ltr'><strong>uhi</strong></span> <span class='ocrx_word' id='word_1_57' title='bbox 410 931 477 986; x_wconf 83' lang='lat' dir='ltr'><strong>quse</strong></span> <span class='ocrx_word' id='word_1_58' title='bbox 486 913 537 970; x_wconf 88' lang='lat' dir='ltr'><strong>hoc</strong></span> <span class='ocrx_word' id='word_1_59' title='bbox 548 917 606 969; x_wconf 87' lang='lat' dir='ltr'><strong>loco</strong></span> <span class='ocrx_word' id='word_1_60' title='bbox 619 915 738 969; x_wconf 88' lang='lat' dir='ltr'><strong>dicuutur</strong></span> <span class='ocrx_word' id='word_1_61' title='bbox 750 914 898 984; x_wconf 78' lang='lat' dir='ltr'><strong>diligentins</strong></span> <span class='ocrx_word' id='word_1_62' title='bbox 910 915 1066 968; x_wconf 68' lang='lat' dir='ltr'><strong>excutienda</strong></span> <span class='ocrx_word' id='word_1_63' title='bbox 1077 922 1145 970; x_wconf 79' lang='lat' dir='ltr'><strong>sunt</strong></span> <span class='ocrx_word' id='word_1_64' title='bbox 1204 993 1209 1002; x_wconf 69' lang='lat'><strong>,</strong></span> 
     </span>
    </p>
   </div>
   <div class='ocr_carea' id='block_1_4' title="bbox 109 1197 1375 1290">
    <p class='ocr_par' dir='ltr' id='par_1_4' title="bbox 109 1159 1375 1290">
     <span class='ocr_line' id='line_1_8' title="bbox 109 1197 1375 1290; baseline 0.003 -25"><span class='ocrx_word' id='word_1_65' title='bbox 109 1199 164 1266; x_wconf 87' lang='lat' dir='ltr'><strong>DE</strong></span> <span class='ocrx_word' id='word_1_66' title='bbox 182 1199 296 1266; x_wconf 79' lang='lat' dir='ltr'><strong>ANNO</strong></span> <span class='ocrx_word' id='word_1_67' title='bbox 312 1199 364 1265; x_wconf 82' lang='grc' dir='ltr'><strong>ΕΤ</strong></span> <span class='ocrx_word' id='word_1_68' title='bbox 379 1199 447 1265; x_wconf 86' lang='lat' dir='ltr'><strong>DIE</strong></span> <span class='ocrx_word' id='word_1_69' title='bbox 463 1199 688 1266; x_wconf 84' lang='lat' dir='ltr'><strong>DOMINICAE</strong></span> <span class='ocrx_word' id='word_1_70' title='bbox 704 1197 914 1266; x_wconf 86' lang='lat' dir='ltr'>PASSIONIS</span> <span class='ocrx_word' id='word_1_71' title='bbox 932 1199 989 1265; x_wconf 81' lang='grc' dir='ltr'><strong>ΑΙ)</strong></span> <span class='ocrx_word' id='word_1_72' title='bbox 1006 1197 1208 1264; x_wconf 74' lang='grc' dir='ltr'><strong>ΗΑΕΒΕΒΙΝ</strong></span> <span class='ocrx_word' id='word_1_73' title='bbox 1224 1201 1273 1268; x_wconf 90' lang='lat' dir='ltr'><strong>LI.</strong></span> <span class='ocrx_word' id='word_1_74' title='bbox 1301 1249 1322 1290; x_wconf 49' lang='grc' dir='ltr'><strong>μ</strong></span> <span class='ocrx_word' id='word_1_75' title='bbox 1332 1237 1375 1278; x_wconf 82' lang='lat' dir='ltr'><strong>nr.</strong></span> 
     </span>
    </p>
   </div>
   <div class='ocr_carea' id='block_1_5' title="bbox 274 1311 888 1414">
    <p class='ocr_par' dir='ltr' id='par_1_5' title="bbox 274 1311 888 1414">
     <span class='ocr_line' id='line_1_9' title="bbox 274 1311 888 1414; baseline -0.007 -35"><span class='ocrx_word' id='word_1_76' title='bbox 274 1363 296 1414; x_wconf 72' lang='lat'>‚</span> <span class='ocrx_word' id='word_1_77' title='bbox 496 1311 696 1392; x_wconf 74' lang='lat' dir='ltr'><strong>omnuim</strong></span> <span class='ocrx_word' id='word_1_78' title='bbox 716 1311 888 1377; x_wconf 72' lang='lat' dir='ltr'><strong>nunnus.</strong></span> 
     </span>
    </p>
   </div>
   <div class='ocr_carea' id='block_1_6' title="bbox 227 1495 1161 1554">
    <p class='ocr_par' dir='ltr' id='par_1_6' title="bbox 227 1495 1161 1554">
     <span class='ocr_line' id='line_1_10' title="bbox 227 1495 1161 1554; baseline 0 -2"><span class='ocrx_word' id='word_1_79' title='bbox 227 1497 351 1554; x_wconf 73' lang='lat' dir='ltr'><strong>vocina</strong></span> <span class='ocrx_word' id='word_1_80' title='bbox 368 1497 563 1552; x_wconf 78' lang='lat' dir='ltr'><strong>Pmsconuu</strong></span> <span class='ocrx_word' id='word_1_81' title='bbox 580 1496 790 1552; x_wconf 71' lang='lat' dir='ltr'><strong>ennianum</strong></span> <span class='ocrx_word' id='word_1_82' title='bbox 807 1495 852 1550; x_wconf 80' lang='lat' dir='ltr'><strong>DE</strong></span> <span class='ocrx_word' id='word_1_83' title='bbox 870 1496 961 1552; x_wconf 80' lang='lat' dir='ltr'>ANNO</span> <span class='ocrx_word' id='word_1_84' title='bbox 978 1495 1161 1553; x_wconf 73' lang='lat' dir='ltr'><strong>Pessimus.</strong></span> 
     </span>
    </p>
   </div>
   <div class='ocr_carea' id='block_1_7' title="bbox 86 1597 1379 4656">
    <p class='ocr_par' dir='ltr' id='par_1_7' title="bbox 86 1597 1377 3872">
     <span class='ocr_line' id='line_1_11' title="bbox 181 1597 1275 1672; baseline 0 -18"><span class='ocrx_word' id='word_1_85' title='bbox 181 1599 274 1654; x_wconf 84' lang='lat' dir='ltr'><strong>Omnis</strong></span> <span class='ocrx_word' id='word_1_86' title='bbox 291 1615 358 1670; x_wconf 84' lang='lat' dir='ltr'><strong>quus</strong></span> <span class='ocrx_word' id='word_1_87' title='bbox 375 1600 406 1654; x_wconf 89' lang='lat' dir='ltr'><strong>de</strong></span> <span class='ocrx_word' id='word_1_88' title='bbox 423 1601 511 1670; x_wconf 78' lang='lat' dir='ltr'><strong>ulique</strong></span> <span class='ocrx_word' id='word_1_89' title='bbox 526 1617 553 1654; x_wconf 90' lang='lat' dir='ltr'><strong>re</strong></span> <span class='ocrx_word' id='word_1_90' title='bbox 569 1600 713 1654; x_wconf 76' lang='lat' dir='ltr'><strong>instituitur</strong></span> <span class='ocrx_word' id='word_1_91' title='bbox 727 1597 868 1670; x_wconf 85' lang='lat' dir='ltr'><strong>disputatio</strong></span> <span class='ocrx_word' id='word_1_92' title='bbox 884 1599 961 1652; x_wconf 80' lang='lat' dir='ltr'><strong>certis</strong></span> <span class='ocrx_word' id='word_1_93' title='bbox 977 1615 1011 1652; x_wconf 85' lang='lat' dir='ltr'><strong>ex</strong></span> <span class='ocrx_word' id='word_1_94' title='bbox 1027 1600 1105 1652; x_wconf 88' lang='lat' dir='ltr'><strong>rebus</strong></span> <span class='ocrx_word' id='word_1_95' title='bbox 1116 1600 1275 1672; x_wconf 89' lang='lat' dir='ltr'><strong>minimeque</strong></span> 
     </span>
     <span class='ocr_line' id='line_1_12' title="bbox 112 1685 1275 1756; baseline 0 -18"><span class='ocrx_word' id='word_1_96' title='bbox 112 1685 199 1739; x_wconf 87' lang='lat' dir='ltr'><strong>dubiis</strong></span> <span class='ocrx_word' id='word_1_97' title='bbox 212 1685 289 1738; x_wconf 83' lang='lat' dir='ltr'><strong>debet</strong></span> <span class='ocrx_word' id='word_1_98' title='bbox 299 1685 440 1756; x_wconf 76' lang='lat' dir='ltr'><strong>proficisci3</strong></span> <span class='ocrx_word' id='word_1_99' title='bbox 457 1701 524 1756; x_wconf 86' lang='lat' dir='ltr'><strong>qnae</strong></span> <span class='ocrx_word' id='word_1_100' title='bbox 540 1691 587 1739; x_wconf 79' lang='lat' dir='ltr'><strong>sut</strong></span> <span class='ocrx_word' id='word_1_101' title='bbox 600 1701 646 1756; x_wconf 89' lang='lat' dir='ltr'><strong>per</strong></span> <span class='ocrx_word' id='word_1_102' title='bbox 655 1701 714 1738; x_wconf 86' lang='lat' dir='ltr'><strong>aeae</strong></span> <span class='ocrx_word' id='word_1_103' title='bbox 725 1686 796 1756; x_wconf 86' lang='lat' dir='ltr'><strong>ipsae</strong></span> <span class='ocrx_word' id='word_1_104' title='bbox 808 1699 884 1738; x_wconf 76' lang='lat' dir='ltr'><strong>verne</strong></span> <span class='ocrx_word' id='word_1_105' title='bbox 896 1685 961 1749; x_wconf 89' lang='lat' dir='ltr'><strong>sint,</strong></span> <span class='ocrx_word' id='word_1_106' title='bbox 973 1691 1019 1738; x_wconf 90' lang='lat' dir='ltr'><strong>aut</strong></span> <span class='ocrx_word' id='word_1_107' title='bbox 1030 1685 1098 1739; x_wconf 87' lang='lat' dir='ltr'><strong>inter</strong></span> <span class='ocrx_word' id='word_1_108' title='bbox 1109 1701 1155 1739; x_wconf 89' lang='lat' dir='ltr'><strong>eoe</strong></span> <span class='ocrx_word' id='word_1_109' title='bbox 1166 1687 1212 1756; x_wconf 88' lang='lat' dir='ltr'><strong>qui</strong></span> <span class='ocrx_word' id='word_1_110' title='bbox 1223 1686 1275 1738; x_wconf 90' lang='lat' dir='ltr'><strong>dis·</strong></span> 
     </span>
     <span class='ocr_line' id='line_1_13' title="bbox 111 1766 1275 1841; baseline -0.001 -17"><span class='ocrx_word' id='word_1_111' title='bbox 111 1775 208 1841; x_wconf 84' lang='lat' dir='ltr'><strong>putant</strong></span> <span class='ocrx_word' id='word_1_112' title='bbox 219 1787 265 1841; x_wconf 85' lang='lat' dir='ltr'><strong>pro</strong></span> <span class='ocrx_word' id='word_1_113' title='bbox 273 1771 342 1824; x_wconf 81' lang='lat' dir='ltr'><strong>veris</strong></span> <span class='ocrx_word' id='word_1_114' title='bbox 350 1787 381 1824; x_wconf 88' lang='lat' dir='ltr'><strong>ac</strong></span> <span class='ocrx_word' id='word_1_115' title='bbox 388 1769 513 1841; x_wconf 77' lang='lat' dir='ltr'><strong>protessis</strong></span> <span class='ocrx_word' id='word_1_116' title='bbox 523 1769 675 1825; x_wconf 72' lang='lat' dir='ltr'><strong>habeantur.</strong></span> <span class='ocrx_word' id='word_1_117' title='bbox 694 1766 868 1834; x_wconf 79' lang='lat' dir='ltr'><strong>Quamobrem</strong></span> <span class='ocrx_word' id='word_1_118' title='bbox 880 1771 925 1840; x_wconf 91' lang='lat' dir='ltr'><strong>qui</strong></span> <span class='ocrx_word' id='word_1_119' title='bbox 933 1785 1023 1823; x_wconf 81' lang='lat' dir='ltr'><strong>rerum</strong></span> <span class='ocrx_word' id='word_1_120' title='bbox 1035 1771 1165 1840; x_wconf 74' lang='lat' dir='ltr'><strong>passionis</strong></span> <span class='ocrx_word' id='word_1_121' title='bbox 1177 1786 1275 1824; x_wconf 87' lang='lat' dir='ltr'><strong>annum</strong></span> 
     </span>
     <span class='ocr_line' id='line_1_14' title="bbox 112 1854 1275 1926; baseline 0 -18"><span class='ocrx_word' id='word_1_122' title='bbox 112 1856 239 1926; x_wconf 67' lang='lat' dir='ltr'><strong>indagare</strong></span> <span class='ocrx_word' id='word_1_123' title='bbox 256 1855 372 1920; x_wconf 76' lang='lat' dir='ltr'><strong>student,</strong></span> <span class='ocrx_word' id='word_1_124' title='bbox 388 1856 515 1926; x_wconf 88' lang='lat' dir='ltr'><strong>imprimis</strong></span> <span class='ocrx_word' id='word_1_125' title='bbox 532 1873 564 1909; x_wconf 89' lang='lat' dir='ltr'><strong>ea</strong></span> <span class='ocrx_word' id='word_1_126' title='bbox 580 1871 690 1926; x_wconf 89' lang='lat' dir='ltr'><strong>quornm</strong></span> <span class='ocrx_word' id='word_1_127' title='bbox 707 1861 778 1908; x_wconf 81' lang='lat' dir='ltr'><strong>certa</strong></span> <span class='ocrx_word' id='word_1_128' title='bbox 795 1855 830 1908; x_wconf 88' lang='lat' dir='ltr'><strong>sit</strong></span> <span class='ocrx_word' id='word_1_129' title='bbox 840 1854 904 1908; x_wconf 84' lang='lat' dir='ltr'><strong>lidos</strong></span> <span class='ocrx_word' id='word_1_130' title='bbox 922 1856 1018 1926; x_wconf 80' lang='lat' dir='ltr'><strong>eligere</strong></span> <span class='ocrx_word' id='word_1_131' title='bbox 1033 1855 1141 1920; x_wconf 86' lang='lat' dir='ltr'><strong>dehent,</strong></span> <span class='ocrx_word' id='word_1_132' title='bbox 1158 1871 1189 1908; x_wconf 82' lang='lat' dir='ltr'><strong>sc</strong></span> <span class='ocrx_word' id='word_1_133' title='bbox 1205 1857 1275 1926; x_wconf 89' lang='lat' dir='ltr'><strong>prin·</strong></span> 
     </span>
     <span class='ocr_line' id='line_1_15' title="bbox 113 1939 1274 2012; baseline -0.001 -18"><span class='ocrx_word' id='word_1_134' title='bbox 113 1942 243 2012; x_wconf 84' lang='lat' dir='ltr'><strong>cipiornm</strong></span> <span class='ocrx_word' id='word_1_135' title='bbox 259 1942 314 1994; x_wconf 78' lang='lat' dir='ltr'><strong>sire</strong></span> <span class='ocrx_word' id='word_1_136' title='bbox 331 1939 476 2011; x_wconf 72' lang='grc' dir='ltr'>ἀξιωμάτων</span> <span class='ocrx_word' id='word_1_137' title='bbox 493 1941 550 1994; x_wconf 90' lang='lat' dir='ltr'><strong>loeo</strong></span> <span class='ocrx_word' id='word_1_138' title='bbox 566 1957 670 2012; x_wconf 90' lang='lat' dir='ltr'><strong>ponere.</strong></span> <span class='ocrx_word' id='word_1_139' title='bbox 704 1941 742 1994; x_wconf 81' lang='lat' dir='ltr'><strong>Ac</strong></span> <span class='ocrx_word' id='word_1_140' title='bbox 758 1945 820 1993; x_wconf 87' lang='lat' dir='ltr'><strong>sunt</strong></span> <span class='ocrx_word' id='word_1_141' title='bbox 835 1941 962 1996; x_wconf 82' lang='lat' dir='ltr'><strong>nonnulle</strong></span> <span class='ocrx_word' id='word_1_142' title='bbox 977 1939 1009 1994; x_wconf 91' lang='lat' dir='ltr'><strong>de</strong></span> <span class='ocrx_word' id='word_1_143' title='bbox 1021 1939 1116 2010; x_wconf 88' lang='lat' dir='ltr'><strong>quibus</strong></span> <span class='ocrx_word' id='word_1_144' title='bbox 1128 1939 1274 1994; x_wconf 71' lang='lat' dir='ltr'><strong>Christiano</strong></span> 
     </span>
     <span class='ocr_line' id='line_1_16' title="bbox 115 2024 1276 2098; baseline 0 -20"><span class='ocrx_word' id='word_1_145' title='bbox 115 2026 235 2080; x_wconf 70' lang='lat' dir='ltr'><strong>dubitare</strong></span> <span class='ocrx_word' id='word_1_146' title='bbox 245 2025 319 2080; x_wconf 81' lang='lat' dir='ltr'><strong>usius</strong></span> <span class='ocrx_word' id='word_1_147' title='bbox 328 2027 435 2080; x_wconf 88' lang='lat' dir='ltr'><strong>omnino</strong></span> <span class='ocrx_word' id='word_1_148' title='bbox 443 2025 568 2091; x_wconf 80' lang='lat' dir='ltr'><strong>ridentur,</strong></span> <span class='ocrx_word' id='word_1_149' title='bbox 581 2024 725 2080; x_wconf 86' lang='lat' dir='ltr'><strong>cuiusmodi</strong></span> <span class='ocrx_word' id='word_1_150' title='bbox 735 2025 787 2080; x_wconf 78' lang='lat' dir='ltr'><strong>ists</strong></span> <span class='ocrx_word' id='word_1_151' title='bbox 798 2031 871 2091; x_wconf 87' lang='lat' dir='ltr'><strong>sunt,</strong></span> <span class='ocrx_word' id='word_1_152' title='bbox 883 2025 933 2080; x_wconf 88' lang='lat' dir='ltr'><strong>sub</strong></span> <span class='ocrx_word' id='word_1_153' title='bbox 941 2025 1044 2079; x_wconf 83' lang='lat' dir='ltr'><strong>liberio</strong></span> <span class='ocrx_word' id='word_1_154' title='bbox 1055 2025 1165 2080; x_wconf 77' lang='lat' dir='ltr'><strong>Caesere</strong></span> <span class='ocrx_word' id='word_1_155' title='bbox 1177 2042 1207 2080; x_wconf 88' lang='lat' dir='ltr'><strong>ao</strong></span> <span class='ocrx_word' id='word_1_156' title='bbox 1216 2041 1276 2098; x_wconf 89' lang='lat' dir='ltr'><strong>pro·</strong></span> 
     </span>
     <span class='ocr_line' id='line_1_17' title="bbox 114 2109 1276 2182; baseline 0 -18"><span class='ocrx_word' id='word_1_157' title='bbox 114 2117 233 2166; x_wconf 86' lang='lat' dir='ltr'><strong>curatore</strong></span> <span class='ocrx_word' id='word_1_158' title='bbox 243 2111 336 2166; x_wconf 83' lang='lat' dir='ltr'><strong>Pontio</strong></span> <span class='ocrx_word' id='word_1_159' title='bbox 347 2111 431 2166; x_wconf 78' lang='lat' dir='ltr'><strong>Pilato</strong></span> <span class='ocrx_word' id='word_1_160' title='bbox 442 2127 550 2182; x_wconf 81' lang='lat' dir='ltr'><strong>pessum</strong></span> <span class='ocrx_word' id='word_1_161' title='bbox 561 2127 631 2176; x_wconf 65' lang='lat' dir='ltr'><strong>essm</strong></span> <span class='ocrx_word' id='word_1_162' title='bbox 648 2117 705 2164; x_wconf 90' lang='lat' dir='ltr'><strong>tum</strong></span> <span class='ocrx_word' id='word_1_163' title='bbox 716 2127 777 2164; x_wconf 82' lang='lat' dir='ltr'><strong>vero</strong></span> <span class='ocrx_word' id='word_1_164' title='bbox 793 2127 934 2181; x_wconf 80' lang='lat' dir='ltr'><strong>parnenses</strong></span> <span class='ocrx_word' id='word_1_165' title='bbox 951 2109 1066 2176; x_wconf 79' lang='lat' dir='ltr'><strong>sabbati,</strong></span> <span class='ocrx_word' id='word_1_166' title='bbox 1083 2112 1139 2166; x_wconf 80' lang='lat' dir='ltr'><strong>eive</strong></span> <span class='ocrx_word' id='word_1_167' title='bbox 1154 2112 1276 2176; x_wconf 74' lang='lat' dir='ltr'><strong>feriam,</strong></span> 
     </span>
     <span class='ocr_line' id='line_1_18' title="bbox 115 2195 1276 2267; baseline 0 -17"><span class='ocrx_word' id='word_1_168' title='bbox 115 2203 161 2255; x_wconf 78' lang='lat' dir='ltr'><strong>snt</strong></span> <span class='ocrx_word' id='word_1_169' title='bbox 171 2197 194 2250; x_wconf 87' lang='lat' dir='ltr'><strong>ai</strong></span> <span class='ocrx_word' id='word_1_170' title='bbox 206 2197 270 2267; x_wconf 85' lang='lat' dir='ltr'><strong>qnid</strong></span> <span class='ocrx_word' id='word_1_171' title='bbox 280 2197 351 2250; x_wconf 88' lang='lat' dir='ltr'><strong>aliud</strong></span> <span class='ocrx_word' id='word_1_172' title='bbox 362 2203 415 2262; x_wconf 88' lang='lat' dir='ltr'><strong>est,</strong></span> <span class='ocrx_word' id='word_1_173' title='bbox 433 2197 502 2267; x_wconf 88' lang='lat' dir='ltr'><strong>quod</strong></span> <span class='ocrx_word' id='word_1_174' title='bbox 519 2213 651 2250; x_wconf 84' lang='lat' dir='ltr'><strong>semorum</strong></span> <span class='ocrx_word' id='word_1_175' title='bbox 662 2197 786 2250; x_wconf 87' lang='lat' dir='ltr'><strong>librorum</strong></span> <span class='ocrx_word' id='word_1_176' title='bbox 804 2197 944 2250; x_wconf 77' lang='lat' dir='ltr'><strong>auotoritas</strong></span> <span class='ocrx_word' id='word_1_177' title='bbox 961 2195 1106 2250; x_wconf 81' lang='lat' dir='ltr'><strong>confirmet</strong></span> <span class='ocrx_word' id='word_1_178' title='bbox 1141 2195 1240 2260; x_wconf 77' lang='lat' dir='ltr'><strong>Quibus</strong></span> <span class='ocrx_word' id='word_1_179' title='bbox 1253 2197 1276 2250; x_wconf 83' lang='lat' dir='ltr'><strong>sl</strong></span> 
     </span>
     <span class='ocr_line' id='line_1_19' title="bbox 86 2281 1377 2354; baseline 0.001 -19"><span class='ocrx_word' id='word_1_180' title='bbox 86 2316 90 2329; x_wconf 80' lang='lat'>·</span> <span class='ocrx_word' id='word_1_181' title='bbox 114 2283 230 2336; x_wconf 82' lang='lat' dir='ltr'><strong>contenti</strong></span> <span class='ocrx_word' id='word_1_182' title='bbox 239 2281 332 2336; x_wconf 85' lang='lat' dir='ltr'><strong>emditi</strong></span> <span class='ocrx_word' id='word_1_183' title='bbox 340 2281 458 2336; x_wconf 88' lang='lat' dir='ltr'><strong>homines</strong></span> <span class='ocrx_word' id='word_1_184' title='bbox 466 2282 579 2336; x_wconf 82' lang='lat' dir='ltr'><strong>luissent</strong></span> <span class='ocrx_word' id='word_1_185' title='bbox 594 2297 678 2354; x_wconf 87' lang='lat' dir='ltr'><strong>neque</strong></span> <span class='ocrx_word' id='word_1_186' title='bbox 690 2282 745 2336; x_wconf 86' lang='lat' dir='ltr'><strong>suis</strong></span> <span class='ocrx_word' id='word_1_187' title='bbox 756 2297 805 2335; x_wconf 91' lang='lat' dir='ltr'><strong>nos</strong></span> <span class='ocrx_word' id='word_1_188' title='bbox 813 2281 980 2352; x_wconf 84' lang='lat' dir='ltr'><strong>opinionibus</strong></span> <span class='ocrx_word' id='word_1_189' title='bbox 995 2296 1026 2335; x_wconf 85' lang='lat' dir='ltr'><strong>ac</strong></span> <span class='ocrx_word' id='word_1_190' title='bbox 1040 2283 1207 2348; x_wconf 88' lang='lat' dir='ltr'><strong>coniecturis,</strong></span> <span class='ocrx_word' id='word_1_191' title='bbox 1218 2289 1277 2336; x_wconf 84' lang='lat' dir='ltr'><strong>tan·</strong></span> <span class='ocrx_word' id='word_1_192' title='bbox 1371 2301 1377 2324; x_wconf 88' lang='lat'><strong>·</strong></span> 
     </span>
     <span class='ocr_line' id='line_1_20' title="bbox 115 2367 1276 2438; baseline 0.001 -18"><span class='ocrx_word' id='word_1_193' title='bbox 115 2383 194 2436; x_wconf 74' lang='lat' dir='ltr'><strong>quum</strong></span> <span class='ocrx_word' id='word_1_194' title='bbox 204 2369 349 2438; x_wconf 69' lang='lat' dir='ltr'><strong>scripturae</strong></span> <span class='ocrx_word' id='word_1_195' title='bbox 360 2373 406 2420; x_wconf 83' lang='lat' dir='ltr'><strong>ant</strong></span> <span class='ocrx_word' id='word_1_196' title='bbox 417 2367 541 2422; x_wconf 72' lang='lat' dir='ltr'><strong>ecclesiae</strong></span> <span class='ocrx_word' id='word_1_197' title='bbox 558 2367 679 2431; x_wconf 83' lang='lat' dir='ltr'><strong>decretis,</strong></span> <span class='ocrx_word' id='word_1_198' title='bbox 696 2367 912 2432; x_wconf 77' lang='lat' dir='ltr'><strong>ederinxusent,</strong></span> <span class='ocrx_word' id='word_1_199' title='bbox 926 2367 1009 2420; x_wconf 88' lang='lat' dir='ltr'><strong>multo</strong></span> <span class='ocrx_word' id='word_1_200' title='bbox 1026 2372 1053 2420; x_wconf 88' lang='lat' dir='ltr'><strong>et</strong></span> <span class='ocrx_word' id='word_1_201' title='bbox 1063 2369 1167 2424; x_wconf 75' lang='lat' dir='ltr'><strong>veritetl</strong></span> <span class='ocrx_word' id='word_1_202' title='bbox 1182 2369 1276 2422; x_wconf 82' lang='lat' dir='ltr'><strong>melius</strong></span> 
     </span>
     <span class='ocr_line' id='line_1_21' title="bbox 116 2451 1276 2523; baseline 0 -17"><span class='ocrx_word' id='word_1_203' title='bbox 116 2458 141 2506; x_wconf 88' lang='lat' dir='ltr'><strong>et</strong></span> <span class='ocrx_word' id='word_1_204' title='bbox 151 2453 300 2523; x_wconf 77' lang='lat' dir='ltr'><strong>posteritati</strong></span> <span class='ocrx_word' id='word_1_205' title='bbox 311 2454 508 2506; x_wconf 85' lang='lat' dir='ltr'><strong>consuluissent.</strong></span> <span class='ocrx_word' id='word_1_206' title='bbox 532 2451 583 2506; x_wconf 83' lang='lat' dir='ltr'><strong>Sed</strong></span> <span class='ocrx_word' id='word_1_207' title='bbox 595 2459 636 2505; x_wconf 89' lang='lat' dir='ltr'><strong>est</strong></span> <span class='ocrx_word' id='word_1_208' title='bbox 646 2467 729 2522; x_wconf 81' lang='lat' dir='ltr'><strong>genus</strong></span> <span class='ocrx_word' id='word_1_209' title='bbox 739 2451 888 2518; x_wconf 90' lang='lat' dir='ltr'><strong>hominum,</strong></span> <span class='ocrx_word' id='word_1_210' title='bbox 906 2453 952 2522; x_wconf 85' lang='lat' dir='ltr'><strong>qui</strong></span> <span class='ocrx_word' id='word_1_211' title='bbox 968 2467 1000 2505; x_wconf 82' lang='lat' dir='ltr'><strong>es</strong></span> <span class='ocrx_word' id='word_1_212' title='bbox 1016 2469 1082 2523; x_wconf 81' lang='lat' dir='ltr'><strong>quse</strong></span> <span class='ocrx_word' id='word_1_213' title='bbox 1096 2469 1225 2507; x_wconf 88' lang='lat' dir='ltr'><strong>consensu</strong></span> <span class='ocrx_word' id='word_1_214' title='bbox 1238 2469 1276 2506; x_wconf 90' lang='lat' dir='ltr'><strong>re·</strong></span> 
     </span>
     <span class='ocr_line' id='line_1_22' title="bbox 115 2538 1276 2608; baseline 0.001 -18"><span class='ocrx_word' id='word_1_215' title='bbox 115 2544 191 2608; x_wconf 80' lang='lat' dir='ltr'><strong>cepte</strong></span> <span class='ocrx_word' id='word_1_216' title='bbox 200 2539 275 2608; x_wconf 77' lang='lat' dir='ltr'><strong>vulgi</strong></span> <span class='ocrx_word' id='word_1_217' title='bbox 286 2545 313 2592; x_wconf 86' lang='lat' dir='ltr'><strong>et</strong></span> <span class='ocrx_word' id='word_1_218' title='bbox 324 2539 424 2608; x_wconf 81' lang='lat' dir='ltr'><strong>sliqnot</strong></span> <span class='ocrx_word' id='word_1_219' title='bbox 434 2538 528 2592; x_wconf 84' lang='lat' dir='ltr'><strong>abhinc</strong></span> <span class='ocrx_word' id='word_1_220' title='bbox 540 2539 650 2591; x_wconf 70' lang='lat' dir='ltr'><strong>saeculis</strong></span> <span class='ocrx_word' id='word_1_221' title='bbox 662 2538 829 2591; x_wconf 81' lang='lat' dir='ltr'><strong>autoritatem</strong></span> <span class='ocrx_word' id='word_1_222' title='bbox 841 2543 918 2590; x_wconf 83' lang='lat' dir='ltr'><strong>nnete</strong></span> <span class='ocrx_word' id='word_1_223' title='bbox 933 2554 985 2591; x_wconf 93' lang='lat' dir='ltr'><strong>non</strong></span> <span class='ocrx_word' id='word_1_224' title='bbox 1001 2539 1081 2590; x_wconf 88' lang='lat' dir='ltr'><strong>nimis</strong></span> <span class='ocrx_word' id='word_1_225' title='bbox 1098 2544 1227 2592; x_wconf 75' lang='lat' dir='ltr'><strong>veterno</strong></span> <span class='ocrx_word' id='word_1_226' title='bbox 1239 2539 1276 2591; x_wconf 91' lang='lat' dir='ltr'><strong>di-</strong></span> 
     </span>
     <span class='ocr_line' id='line_1_23' title="bbox 115 2622 1277 2693; baseline -0.003 -16"><span class='ocrx_word' id='word_1_227' title='bbox 115 2622 228 2692; x_wconf 77' lang='lat' dir='ltr'><strong>ligenter</strong></span> <span class='ocrx_word' id='word_1_228' title='bbox 244 2637 357 2677; x_wconf 79' lang='lat' dir='ltr'><strong>excusse</strong></span> <span class='ocrx_word' id='word_1_229' title='bbox 373 2629 446 2689; x_wconf 86' lang='lat' dir='ltr'><strong>sunt,</strong></span> <span class='ocrx_word' id='word_1_230' title='bbox 467 2623 557 2678; x_wconf 85' lang='lat' dir='ltr'><strong>timide</strong></span> <span class='ocrx_word' id='word_1_231' title='bbox 574 2623 652 2676; x_wconf 88' lang='lat' dir='ltr'><strong>nimis</strong></span> <span class='ocrx_word' id='word_1_232' title='bbox 670 2623 865 2686; x_wconf 85' lang='lat' dir='ltr'><strong>deosculantur,</strong></span> <span class='ocrx_word' id='word_1_233' title='bbox 885 2639 916 2675; x_wconf 88' lang='lat' dir='ltr'><strong>ac</strong></span> <span class='ocrx_word' id='word_1_234' title='bbox 935 2622 1123 2693; x_wconf 88' lang='lat' dir='ltr'><strong>propemodum</strong></span> <span class='ocrx_word' id='word_1_235' title='bbox 1142 2623 1277 2687; x_wconf 80' lang='lat' dir='ltr'><strong>serviliter,</strong></span> 
     </span>
     <span class='ocr_line' id='line_1_24' title="bbox 117 2707 1277 2779; baseline -0.001 -18"><span class='ocrx_word' id='word_1_236' title='bbox 117 2723 259 2779; x_wconf 87' lang='lat' dir='ltr'><strong>eorumque</strong></span> <span class='ocrx_word' id='word_1_237' title='bbox 269 2707 349 2762; x_wconf 87' lang='lat' dir='ltr'><strong>tidem</strong></span> <span class='ocrx_word' id='word_1_238' title='bbox 360 2714 386 2763; x_wconf 88' lang='lat' dir='ltr'><strong>et</strong></span> <span class='ocrx_word' id='word_1_239' title='bbox 396 2708 575 2762; x_wconf 70' lang='lat' dir='ltr'><strong>assensionem</strong></span> <span class='ocrx_word' id='word_1_240' title='bbox 587 2707 620 2761; x_wconf 87' lang='lat' dir='ltr'><strong>ah</strong></span> <span class='ocrx_word' id='word_1_241' title='bbox 634 2708 723 2762; x_wconf 84' lang='lat' dir='ltr'><strong>inritis</strong></span> <span class='ocrx_word' id='word_1_242' title='bbox 738 2708 883 2778; x_wconf 85' lang='lat' dir='ltr'><strong>exprimere</strong></span> <span class='ocrx_word' id='word_1_243' title='bbox 899 2723 930 2760; x_wconf 88' lang='lat' dir='ltr'><strong>ao</strong></span> <span class='ocrx_word' id='word_1_244' title='bbox 945 2723 992 2778; x_wconf 90' lang='lat' dir='ltr'><strong>pro</strong></span> <span class='ocrx_word' id='word_1_245' title='bbox 1009 2707 1132 2760; x_wconf 86' lang='lat' dir='ltr'><strong>ecclesiae</strong></span> <span class='ocrx_word' id='word_1_246' title='bbox 1149 2707 1277 2778; x_wconf 77' lang='lat' dir='ltr'><strong>dogmati-</strong></span> 
     </span>
     <span class='ocr_line' id='line_1_25' title="bbox 118 2789 1276 2862; baseline -0.002 -16"><span class='ocrx_word' id='word_1_247' title='bbox 118 2793 166 2846; x_wconf 85' lang='lat' dir='ltr'><strong>bus</strong></span> <span class='ocrx_word' id='word_1_248' title='bbox 178 2800 306 2848; x_wconf 88' lang='lat' dir='ltr'><strong>conantur</strong></span> <span class='ocrx_word' id='word_1_249' title='bbox 318 2794 462 2848; x_wconf 87' lang='lat' dir='ltr'><strong>obtrudere.</strong></span> <span class='ocrx_word' id='word_1_250' title='bbox 486 2793 602 2857; x_wconf 79' lang='lat' dir='ltr'><strong>Quorum</strong></span> <span class='ocrx_word' id='word_1_251' title='bbox 619 2798 660 2846; x_wconf 88' lang='lat' dir='ltr'><strong>est</strong></span> <span class='ocrx_word' id='word_1_252' title='bbox 676 2793 780 2862; x_wconf 91' lang='lat' dir='ltr'><strong>quidem</strong></span> <span class='ocrx_word' id='word_1_253' title='bbox 791 2789 840 2845; x_wconf 84' lang='lat' dir='ltr'><strong>hac</strong></span> <span class='ocrx_word' id='word_1_254' title='bbox 851 2791 879 2844; x_wconf 91' lang='lat' dir='ltr'><strong>in</strong></span> <span class='ocrx_word' id='word_1_255' title='bbox 889 2795 963 2862; x_wconf 87' lang='lat' dir='ltr'><strong>parte</strong></span> <span class='ocrx_word' id='word_1_256' title='bbox 975 2791 1210 2845; x_wconf 74' lang='lat' dir='ltr'><strong>commendandum</strong></span> <span class='ocrx_word' id='word_1_257' title='bbox 1222 2798 1276 2845; x_wconf 91' lang='lat' dir='ltr'><strong>stu-</strong></span> 
     </span>
     <span class='ocr_line' id='line_1_26' title="bbox 117 2876 1277 2950; baseline -0.001 -19"><span class='ocrx_word' id='word_1_258' title='bbox 117 2877 202 2943; x_wconf 89' lang='lat' dir='ltr'><strong>dium,</strong></span> <span class='ocrx_word' id='word_1_259' title='bbox 215 2879 354 2949; x_wconf 86' lang='lat' dir='ltr'><strong>quodcum</strong></span> <span class='ocrx_word' id='word_1_260' title='bbox 364 2880 393 2932; x_wconf 88' lang='lat' dir='ltr'><strong>in</strong></span> <span class='ocrx_word' id='word_1_261' title='bbox 404 2895 436 2933; x_wconf 81' lang='lat' dir='ltr'><strong>eu</strong></span> <span class='ocrx_word' id='word_1_262' title='bbox 446 2885 565 2950; x_wconf 89' lang='lat' dir='ltr'><strong>tempora</strong></span> <span class='ocrx_word' id='word_1_263' title='bbox 575 2878 755 2942; x_wconf 87' lang='lat' dir='ltr'><strong>inciderimus,</strong></span> <span class='ocrx_word' id='word_1_264' title='bbox 767 2877 861 2948; x_wconf 88' lang='lat' dir='ltr'><strong>quibus</strong></span> <span class='ocrx_word' id='word_1_265' title='bbox 872 2891 970 2946; x_wconf 77' lang='lat' dir='ltr'><strong>megns</strong></span> <span class='ocrx_word' id='word_1_266' title='bbox 981 2881 1021 2930; x_wconf 84' lang='lat' dir='ltr'><strong>est</strong></span> <span class='ocrx_word' id='word_1_267' title='bbox 1031 2876 1154 2930; x_wconf 79' lang='lat' dir='ltr'><strong>novitatis</strong></span> <span class='ocrx_word' id='word_1_268' title='bbox 1166 2876 1277 2931; x_wconf 91' lang='lat' dir='ltr'><strong>homini·</strong></span> 
     </span>
     <span class='ocr_line' id='line_1_27' title="bbox 117 2961 1277 3035; baseline 0 -19"><span class='ocrx_word' id='word_1_269' title='bbox 117 2964 166 3017; x_wconf 87' lang='lat' dir='ltr'><strong>bns</strong></span> <span class='ocrx_word' id='word_1_270' title='bbox 183 2965 280 3018; x_wconf 78' lang='lat' dir='ltr'><strong>iniecto</strong></span> <span class='ocrx_word' id='word_1_271' title='bbox 296 2964 435 3035; x_wconf 78' lang='lat' dir='ltr'><strong>cupiditas,</strong></span> <span class='ocrx_word' id='word_1_272' title='bbox 451 2981 486 3018; x_wconf 89' lang='lat' dir='ltr'><strong>ne</strong></span> <span class='ocrx_word' id='word_1_273' title='bbox 502 2963 535 3018; x_wconf 82' lang='lat' dir='ltr'><strong>ed</strong></span> <span class='ocrx_word' id='word_1_274' title='bbox 551 2963 684 3034; x_wconf 80' lang='lat' dir='ltr'><strong>religionis</strong></span> <span class='ocrx_word' id='word_1_275' title='bbox 701 2962 813 3032; x_wconf 89' lang='lat' dir='ltr'><strong>fideiqne</strong></span> <span class='ocrx_word' id='word_1_276' title='bbox 829 2961 952 3014; x_wconf 76' lang='lat' dir='ltr'><strong>domm</strong></span> <span class='ocrx_word' id='word_1_277' title='bbox 969 2963 1089 3032; x_wconf 87' lang='lat' dir='ltr'><strong>publicae</strong></span> <span class='ocrx_word' id='word_1_278' title='bbox 1105 2963 1150 3016; x_wconf 87' lang='lat' dir='ltr'><strong>ille</strong></span> <span class='ocrx_word' id='word_1_279' title='bbox 1160 2963 1277 3016; x_wconf 67' lang='lat' dir='ltr'><strong>inernies</strong></span> 
     </span>
     <span class='ocr_line' id='line_1_28' title="bbox 118 3048 1277 3120; baseline 0 -18"><span class='ocrx_word' id='word_1_280' title='bbox 118 3050 224 3103; x_wconf 85' lang='lat' dir='ltr'><strong>morbus</strong></span> <span class='ocrx_word' id='word_1_281' title='bbox 236 3055 394 3120; x_wconf 87' lang='lat' dir='ltr'><strong>erumperet,</strong></span> <span class='ocrx_word' id='word_1_282' title='bbox 410 3051 437 3103; x_wconf 94' lang='lat' dir='ltr'><strong>in</strong></span> <span class='ocrx_word' id='word_1_283' title='bbox 453 3065 513 3103; x_wconf 81' lang='lat' dir='ltr'><strong>enm</strong></span> <span class='ocrx_word' id='word_1_284' title='bbox 527 3053 628 3120; x_wconf 80' lang='lat' dir='ltr'><strong>purtem</strong></span> <span class='ocrx_word' id='word_1_285' title='bbox 643 3063 750 3118; x_wconf 87' lang='lat' dir='ltr'><strong>peeeere</strong></span> <span class='ocrx_word' id='word_1_286' title='bbox 762 3048 910 3100; x_wconf 84' lang='lat' dir='ltr'><strong>maluerunt</strong></span> <span class='ocrx_word' id='word_1_287' title='bbox 920 3063 987 3118; x_wconf 78' lang='lat' dir='ltr'><strong>quse</strong></span> <span class='ocrx_word' id='word_1_288' title='bbox 999 3053 1040 3102; x_wconf 79' lang='lat' dir='ltr'><strong>est</strong></span> <span class='ocrx_word' id='word_1_289' title='bbox 1051 3049 1157 3102; x_wconf 72' lang='lat' dir='ltr'><strong>metior.</strong></span> <span class='ocrx_word' id='word_1_290' title='bbox 1180 3049 1277 3104; x_wconf 87' lang='lat' dir='ltr'><strong>Verum</strong></span> 
     </span>
     <span class='ocr_line' id='line_1_29' title="bbox 117 3131 1278 3206; baseline 0 -18"><span class='ocrx_word' id='word_1_291' title='bbox 117 3137 157 3188; x_wconf 87' lang='lat' dir='ltr'><strong>uti</strong></span> <span class='ocrx_word' id='word_1_292' title='bbox 166 3136 212 3206; x_wconf 90' lang='lat' dir='ltr'><strong>pio</strong></span> <span class='ocrx_word' id='word_1_293' title='bbox 223 3135 323 3190; x_wconf 87' lang='lat' dir='ltr'><strong>homini</strong></span> <span class='ocrx_word' id='word_1_294' title='bbox 334 3151 364 3188; x_wconf 82' lang='lat' dir='ltr'><strong>nc</strong></span> <span class='ocrx_word' id='word_1_295' title='bbox 376 3133 504 3190; x_wconf 73' lang='lat' dir='ltr'><strong>catholieo</strong></span> <span class='ocrx_word' id='word_1_296' title='bbox 515 3149 613 3203; x_wconf 82' lang='lat' dir='ltr'><strong>magne</strong></span> <span class='ocrx_word' id='word_1_297' title='bbox 624 3139 664 3186; x_wconf 86' lang='lat' dir='ltr'><strong>est</strong></span> <span class='ocrx_word' id='word_1_298' title='bbox 674 3133 810 3186; x_wconf 70' lang='lat' dir='ltr'><strong>vetustatis</strong></span> <span class='ocrx_word' id='word_1_299' title='bbox 822 3131 941 3186; x_wconf 79' lang='lat' dir='ltr'><strong>habende</strong></span> <span class='ocrx_word' id='word_1_300' title='bbox 954 3134 1032 3199; x_wconf 87' lang='lat' dir='ltr'><strong>ratio,</strong></span> <span class='ocrx_word' id='word_1_301' title='bbox 1048 3134 1077 3188; x_wconf 91' lang='lat' dir='ltr'><strong>iu</strong></span> <span class='ocrx_word' id='word_1_302' title='bbox 1092 3134 1126 3188; x_wconf 85' lang='lat' dir='ltr'><strong>iis</strong></span> <span class='ocrx_word' id='word_1_303' title='bbox 1138 3149 1198 3188; x_wconf 80' lang='lat' dir='ltr'><strong>vero</strong></span> <span class='ocrx_word' id='word_1_304' title='bbox 1211 3149 1278 3205; x_wconf 80' lang='lat' dir='ltr'><strong>qnae</strong></span> 
     </span>
     <span class='ocr_line' id='line_1_30' title="bbox 118 3216 1277 3290; baseline -0.001 -17"><span class='ocrx_word' id='word_1_305' title='bbox 118 3221 151 3274; x_wconf 77' lang='lat' dir='ltr'><strong>nb</strong></span> <span class='ocrx_word' id='word_1_306' title='bbox 163 3221 274 3274; x_wconf 72' lang='lat' dir='ltr'><strong>ecclesie</strong></span> <span class='ocrx_word' id='word_1_307' title='bbox 284 3221 385 3274; x_wconf 79' lang='lat' dir='ltr'><strong>sancitu</strong></span> <span class='ocrx_word' id='word_1_308' title='bbox 395 3226 470 3286; x_wconf 88' lang='lat' dir='ltr'><strong>sunt,</strong></span> <span class='ocrx_word' id='word_1_309' title='bbox 482 3237 516 3274; x_wconf 91' lang='lat' dir='ltr'><strong>ne</strong></span> <span class='ocrx_word' id='word_1_310' title='bbox 523 3219 653 3272; x_wconf 78' lang='lat' dir='ltr'><strong>lenissime</strong></span> <span class='ocrx_word' id='word_1_311' title='bbox 663 3217 767 3290; x_wconf 87' lang='lat' dir='ltr'><strong>quidem</strong></span> <span class='ocrx_word' id='word_1_312' title='bbox 775 3216 901 3271; x_wconf 75' lang='lat' dir='ltr'><strong>haesitare</strong></span> <span class='ocrx_word' id='word_1_313' title='bbox 912 3219 985 3282; x_wconf 91' lang='lat' dir='ltr'><strong>licet,</strong></span> <span class='ocrx_word' id='word_1_314' title='bbox 996 3219 1034 3272; x_wconf 77' lang='lat' dir='ltr'><strong>itu</strong></span> <span class='ocrx_word' id='word_1_315' title='bbox 1044 3235 1203 3290; x_wconf 78' lang='lat' dir='ltr'><strong>mngnopere</strong></span> <span class='ocrx_word' id='word_1_316' title='bbox 1214 3221 1277 3274; x_wconf 92' lang='lat' dir='ltr'><strong>illud</strong></span> 
     </span>
     <span class='ocr_line' id='line_1_31' title="bbox 118 3301 1277 3376; baseline -0.003 -16"><span class='ocrx_word' id='word_1_317' title='bbox 118 3305 275 3371; x_wconf 70' lang='lat' dir='ltr'><strong>cavendnm,</strong></span> <span class='ocrx_word' id='word_1_318' title='bbox 292 3323 326 3360; x_wconf 89' lang='lat' dir='ltr'><strong>ne</strong></span> <span class='ocrx_word' id='word_1_319' title='bbox 343 3323 390 3376; x_wconf 89' lang='lat' dir='ltr'><strong>pro</strong></span> <span class='ocrx_word' id='word_1_320' title='bbox 401 3306 532 3360; x_wconf 83' lang='lat' dir='ltr'><strong>veteribus</strong></span> <span class='ocrx_word' id='word_1_321' title='bbox 550 3309 576 3358; x_wconf 92' lang='lat' dir='ltr'><strong>et</strong></span> <span class='ocrx_word' id='word_1_322' title='bbox 591 3303 760 3358; x_wconf 74' lang='lat' dir='ltr'><strong>morosanetis</strong></span> <span class='ocrx_word' id='word_1_323' title='bbox 777 3301 921 3358; x_wconf 84' lang='lat' dir='ltr'><strong>habeantur</strong></span> <span class='ocrx_word' id='word_1_324' title='bbox 937 3303 983 3356; x_wconf 82' lang='lat' dir='ltr'><strong>ilie</strong></span> <span class='ocrx_word' id='word_1_325' title='bbox 1000 3319 1066 3374; x_wconf 75' lang='lat' dir='ltr'><strong>quse</strong></span> <span class='ocrx_word' id='word_1_326' title='bbox 1082 3306 1172 3376; x_wconf 72' lang='lat' dir='ltr'><strong>paucis</strong></span> <span class='ocrx_word' id='word_1_327' title='bbox 1183 3304 1277 3358; x_wconf 76' lang='lat' dir='ltr'><strong>abhinc</strong></span> 
     </span>
     <span class='ocr_line' id='line_1_32' title="bbox 119 3389 1277 3460; baseline -0.002 -15"><span class='ocrx_word' id='word_1_328' title='bbox 119 3392 230 3446; x_wconf 72' lang='lat' dir='ltr'><strong>maculis</strong></span> <span class='ocrx_word' id='word_1_329' title='bbox 240 3392 403 3456; x_wconf 87' lang='lat' dir='ltr'><strong>emerserint,</strong></span> <span class='ocrx_word' id='word_1_330' title='bbox 419 3407 484 3444; x_wconf 84' lang='lat' dir='ltr'><strong>nere</strong></span> <span class='ocrx_word' id='word_1_331' title='bbox 501 3389 534 3443; x_wconf 87' lang='lat' dir='ltr'><strong>ad</strong></span> <span class='ocrx_word' id='word_1_332' title='bbox 550 3389 672 3444; x_wconf 74' lang='lat' dir='ltr'><strong>falsitatis</strong></span> <span class='ocrx_word' id='word_1_333' title='bbox 687 3389 859 3459; x_wconf 74' lang='lat' dir='ltr'><strong>patrocinium</strong></span> <span class='ocrx_word' id='word_1_334' title='bbox 876 3389 1022 3460; x_wconf 87' lang='lat' dir='ltr'><strong>speciosum</strong></span> <span class='ocrx_word' id='word_1_335' title='bbox 1037 3389 1101 3444; x_wconf 87' lang='lat' dir='ltr'><strong>illud</strong></span> <span class='ocrx_word' id='word_1_336' title='bbox 1112 3391 1277 3444; x_wconf 67' lang='lat' dir='ltr'><strong>ecclesiaste</strong></span> 
     </span>
     <span class='ocr_line' id='line_1_33' title="bbox 119 3473 1278 3546; baseline -0.002 -16"><span class='ocrx_word' id='word_1_337' title='bbox 119 3477 237 3546; x_wconf 76' lang='lat' dir='ltr'><strong>publices</strong></span> <span class='ocrx_word' id='word_1_338' title='bbox 249 3476 428 3530; x_wconf 78' lang='lat' dir='ltr'><strong>consensionis</strong></span> <span class='ocrx_word' id='word_1_339' title='bbox 439 3492 536 3530; x_wconf 89' lang='lat' dir='ltr'><strong>nomen</strong></span> <span class='ocrx_word' id='word_1_340' title='bbox 547 3474 726 3530; x_wconf 80' lang='lat' dir='ltr'><strong>transferatur.</strong></span> <span class='ocrx_word' id='word_1_341' title='bbox 762 3473 845 3538; x_wconf 84' lang='lat' dir='ltr'><strong>Quem</strong></span> <span class='ocrx_word' id='word_1_342' title='bbox 862 3473 967 3545; x_wconf 88' lang='lat' dir='ltr'><strong>quidem</strong></span> <span class='ocrx_word' id='word_1_343' title='bbox 983 3475 1172 3530; x_wconf 76' lang='lat' dir='ltr'><strong>eedesinsticse</strong></span> <span class='ocrx_word' id='word_1_344' title='bbox 1182 3476 1278 3530; x_wconf 79' lang='lat' dir='ltr'><strong>cutori-</strong></span> 
     </span>
     <span class='ocr_line' id='line_1_34' title="bbox 119 3561 1277 3632; baseline 0.001 -18"><span class='ocrx_word' id='word_1_345' title='bbox 119 3562 179 3615; x_wconf 83' lang='lat' dir='ltr'><strong>tatis</strong></span> <span class='ocrx_word' id='word_1_346' title='bbox 190 3561 377 3616; x_wconf 82' lang='lat' dir='ltr'><strong>adscribendae</strong></span> <span class='ocrx_word' id='word_1_347' title='bbox 388 3561 520 3614; x_wconf 77' lang='lat' dir='ltr'><strong>hecubam</strong></span> <span class='ocrx_word' id='word_1_348' title='bbox 532 3577 593 3614; x_wconf 89' lang='lat' dir='ltr'><strong>eum</strong></span> <span class='ocrx_word' id='word_1_349' title='bbox 603 3562 630 3614; x_wconf 91' lang='lat' dir='ltr'><strong>in</strong></span> <span class='ocrx_word' id='word_1_350' title='bbox 642 3561 699 3614; x_wconf 76' lang='lat' dir='ltr'><strong>eliis</strong></span> <span class='ocrx_word' id='word_1_351' title='bbox 710 3561 818 3630; x_wconf 87' lang='lat' dir='ltr'><strong>impune</strong></span> <span class='ocrx_word' id='word_1_352' title='bbox 827 3565 968 3626; x_wconf 77' lang='lat' dir='ltr'><strong>nemetum,</strong></span> <span class='ocrx_word' id='word_1_353' title='bbox 984 3564 1043 3613; x_wconf 87' lang='lat' dir='ltr'><strong>tum</strong></span> <span class='ocrx_word' id='word_1_354' title='bbox 1053 3561 1081 3614; x_wconf 92' lang='lat' dir='ltr'><strong>in</strong></span> <span class='ocrx_word' id='word_1_355' title='bbox 1092 3575 1125 3614; x_wconf 83' lang='lat' dir='ltr'><strong>ea</strong></span> <span class='ocrx_word' id='word_1_356' title='bbox 1136 3577 1216 3632; x_wconf 83' lang='lat' dir='ltr'><strong>quam</strong></span> <span class='ocrx_word' id='word_1_357' title='bbox 1225 3566 1277 3614; x_wconf 84' lang='lat' dir='ltr'><strong>tre·</strong></span> 
     </span>
     <span class='ocr_line' id='line_1_35' title="bbox 120 3645 1278 3717; baseline -0.003 -17"><span class='ocrx_word' id='word_1_358' title='bbox 120 3651 221 3700; x_wconf 65' lang='lat' dir='ltr'><strong>murus</strong></span> <span class='ocrx_word' id='word_1_359' title='bbox 237 3648 332 3702; x_wconf 73' lang='lat' dir='ltr'><strong>natalis</strong></span> <span class='ocrx_word' id='word_1_360' title='bbox 350 3663 381 3700; x_wconf 87' lang='lat' dir='ltr'><strong>ac</strong></span> <span class='ocrx_word' id='word_1_361' title='bbox 397 3647 527 3717; x_wconf 86' lang='lat' dir='ltr'><strong>pnssionie</strong></span> <span class='ocrx_word' id='word_1_362' title='bbox 544 3645 687 3700; x_wconf 87' lang='lat' dir='ltr'><strong>dominicae</strong></span> <span class='ocrx_word' id='word_1_363' title='bbox 704 3645 856 3716; x_wconf 80' lang='lat' dir='ltr'><strong>quaestione</strong></span> <span class='ocrx_word' id='word_1_364' title='bbox 873 3649 1020 3715; x_wconf 62' lang='lat' dir='ltr'><strong>museum</strong></span> <span class='ocrx_word' id='word_1_365' title='bbox 1039 3645 1278 3700; x_wconf 76' lang='lat' dir='ltr'><strong>nnimadvmtimus.</strong></span> 
     </span>
     <span class='ocr_line' id='line_1_36' title="bbox 119 3729 1277 3802; baseline 0 -18"><span class='ocrx_word' id='word_1_366' title='bbox 119 3729 150 3785; x_wconf 89' lang='lat' dir='ltr'><strong>ln</strong></span> <span class='ocrx_word' id='word_1_367' title='bbox 167 3747 219 3802; x_wconf 84' lang='lat' dir='ltr'><strong>qua</strong></span> <span class='ocrx_word' id='word_1_368' title='bbox 235 3733 347 3802; x_wconf 87' lang='lat' dir='ltr'><strong>plurima</strong></span> <span class='ocrx_word' id='word_1_369' title='bbox 357 3733 429 3785; x_wconf 82' lang='lat' dir='ltr'><strong>velut</strong></span> <span class='ocrx_word' id='word_1_370' title='bbox 444 3747 479 3786; x_wconf 83' lang='lat' dir='ltr'><strong>ex</strong></span> <span class='ocrx_word' id='word_1_371' title='bbox 496 3733 627 3786; x_wconf 86' lang='lat' dir='ltr'><strong>communi</strong></span> <span class='ocrx_word' id='word_1_372' title='bbox 644 3731 767 3786; x_wconf 67' lang='lat' dir='ltr'><strong>ecclesiae</strong></span> <span class='ocrx_word' id='word_1_373' title='bbox 784 3729 936 3801; x_wconf 85' lang='lat' dir='ltr'><strong>deprompta</strong></span> <span class='ocrx_word' id='word_1_374' title='bbox 946 3729 998 3784; x_wconf 83' lang='lat' dir='ltr'><strong>hdo</strong></span> <span class='ocrx_word' id='word_1_375' title='bbox 1013 3731 1104 3784; x_wconf 82' lang='lat' dir='ltr'><strong>iectnri</strong></span> <span class='ocrx_word' id='word_1_376' title='bbox 1115 3732 1201 3786; x_wconf 84' lang='lat' dir='ltr'><strong>solent</strong></span> <span class='ocrx_word' id='word_1_377' title='bbox 1212 3745 1277 3801; x_wconf 80' lang='lat' dir='ltr'><strong>quae</strong></span> 
     </span>
     <span class='ocr_line' id='line_1_37' title="bbox 119 3816 659 3872; baseline 0.002 -2"><span class='ocrx_word' id='word_1_378' title='bbox 119 3823 165 3870; x_wconf 82' lang='lat' dir='ltr'><strong>ant</strong></span> <span class='ocrx_word' id='word_1_379' title='bbox 174 3817 244 3872; x_wconf 80' lang='lat' dir='ltr'><strong>feisa</strong></span> <span class='ocrx_word' id='word_1_380' title='bbox 254 3821 316 3871; x_wconf 88' lang='lat' dir='ltr'><strong>eunt</strong></span> <span class='ocrx_word' id='word_1_381' title='bbox 326 3821 373 3870; x_wconf 80' lang='lat' dir='ltr'><strong>unt</strong></span> <span class='ocrx_word' id='word_1_382' title='bbox 382 3816 508 3871; x_wconf 82' lang='lat' dir='ltr'><strong>laieorum</strong></span> <span class='ocrx_word' id='word_1_383' title='bbox 519 3817 659 3871; x_wconf 80' lang='lat' dir='ltr'><strong>simillima</strong></span> 
     </span>
    </p>

    <p class='ocr_par' dir='ltr' id='par_1_8' title="bbox 116 3899 1379 4656">
     <span class='ocr_line' id='line_1_38' title="bbox 186 3899 1278 3974; baseline -0.002 -18"><span class='ocrx_word' id='word_1_384' title='bbox 186 3901 225 3956; x_wconf 78' lang='lat' dir='ltr'><strong>lle</strong></span> <span class='ocrx_word' id='word_1_385' title='bbox 234 3903 315 3974; x_wconf 82' lang='lat' dir='ltr'><strong>longe</strong></span> <span class='ocrx_word' id='word_1_386' title='bbox 327 3903 447 3974; x_wconf 83' lang='lat' dir='ltr'><strong>exemplu</strong></span> <span class='ocrx_word' id='word_1_387' title='bbox 457 3908 616 3973; x_wconf 72' lang='lat' dir='ltr'><strong>repetemus,</strong></span> <span class='ocrx_word' id='word_1_388' title='bbox 633 3905 751 3954; x_wconf 83' lang='lat' dir='ltr'><strong>occurret</strong></span> <span class='ocrx_word' id='word_1_389' title='bbox 764 3899 851 3954; x_wconf 87' lang='lat' dir='ltr'><strong>Bodae</strong></span> <span class='ocrx_word' id='word_1_390' title='bbox 867 3900 1025 3956; x_wconf 66' lang='lat' dir='ltr'><strong>santissimi</strong></span> <span class='ocrx_word' id='word_1_391' title='bbox 1034 3899 1147 3954; x_wconf 88' lang='lat' dir='ltr'><strong>huminis</strong></span> <span class='ocrx_word' id='word_1_392' title='bbox 1158 3905 1185 3954; x_wconf 88' lang='lat' dir='ltr'><strong>et</strong></span> <span class='ocrx_word' id='word_1_393' title='bbox 1195 3899 1278 3954; x_wconf 86' lang='lat' dir='ltr'><strong>erudi·</strong></span> 
     </span>
     <span class='ocr_line' id='line_1_39' title="bbox 121 3984 1279 4057; baseline -0.003 -15"><span class='ocrx_word' id='word_1_394' title='bbox 121 3988 216 4042; x_wconf 81' lang='lat' dir='ltr'><strong>tissimi</strong></span> <span class='ocrx_word' id='word_1_395' title='bbox 226 3988 358 4042; x_wconf 88' lang='lat' dir='ltr'><strong>decretum</strong></span> <span class='ocrx_word' id='word_1_396' title='bbox 368 3986 446 4053; x_wconf 86' lang='lat' dir='ltr'><strong>illud,</strong></span> <span class='ocrx_word' id='word_1_397' title='bbox 463 3985 532 4057; x_wconf 84' lang='lat' dir='ltr'><strong>quod</strong></span> <span class='ocrx_word' id='word_1_398' title='bbox 546 3987 574 4039; x_wconf 89' lang='lat' dir='ltr'><strong>in</strong></span> <span class='ocrx_word' id='word_1_399' title='bbox 585 3984 653 4040; x_wconf 90' lang='lat' dir='ltr'><strong>hunc</strong></span> <span class='ocrx_word' id='word_1_400' title='bbox 663 3986 751 4040; x_wconf 90' lang='lat' dir='ltr'><strong>locum</strong></span> <span class='ocrx_word' id='word_1_401' title='bbox 762 3985 917 4040; x_wconf 84' lang='lat' dir='ltr'><strong>distulimus.</strong></span> <span class='ocrx_word' id='word_1_402' title='bbox 950 3986 998 4039; x_wconf 87' lang='lat' dir='ltr'><strong>llic</strong></span> <span class='ocrx_word' id='word_1_403' title='bbox 1008 3986 1088 4056; x_wconf 78' lang='lat' dir='ltr'><strong>igitur</strong></span> <span class='ocrx_word' id='word_1_404' title='bbox 1099 4001 1155 4056; x_wconf 82' lang='lat' dir='ltr'><strong>cap.</strong></span> <span class='ocrx_word' id='word_1_405' title='bbox 1165 4001 1208 4040; x_wconf 74' lang='grc' dir='ltr'><strong>ιι.</strong></span> <span class='ocrx_word' id='word_1_406' title='bbox 1218 3985 1279 4039; x_wconf 87' lang='lat' dir='ltr'><strong>libri</strong></span> 
     </span>
     <span class='ocr_line' id='line_1_40' title="bbox 122 4057 1277 4144; baseline -0.002 -18"><span class='ocrx_word' id='word_1_407' title='bbox 122 4072 152 4126; x_wconf 87' lang='lat' dir='ltr'><strong>de</strong></span> <span class='ocrx_word' id='word_1_408' title='bbox 163 4073 321 4144; x_wconf 86' lang='lat' dir='ltr'><strong>Temporum</strong></span> <span class='ocrx_word' id='word_1_409' title='bbox 331 4057 455 4137; x_wconf 81' lang='lat' dir='ltr'><strong>Ration&#39;e,</strong></span> <span class='ocrx_word' id='word_1_410' title='bbox 472 4071 502 4126; x_wconf 89' lang='lat' dir='ltr'><strong>de</strong></span> <span class='ocrx_word' id='word_1_411' title='bbox 519 4077 603 4126; x_wconf 80' lang='lat' dir='ltr'><strong>estete</strong></span> <span class='ocrx_word' id='word_1_412' title='bbox 620 4087 651 4123; x_wconf 87' lang='lat' dir='ltr'><strong>ac</strong></span> <span class='ocrx_word' id='word_1_413' title='bbox 666 4072 788 4142; x_wconf 81' lang='lat' dir='ltr'><strong>passione</strong></span> <span class='ocrx_word' id='word_1_414' title='bbox 799 4071 896 4125; x_wconf 88' lang='lat' dir='ltr'><strong>domini</strong></span> <span class='ocrx_word' id='word_1_415' title='bbox 906 4071 934 4124; x_wconf 93' lang='lat' dir='ltr'><strong>in</strong></span> <span class='ocrx_word' id='word_1_416' title='bbox 945 4069 1009 4125; x_wconf 86' lang='lat' dir='ltr'><strong>haec</strong></span> <span class='ocrx_word' id='word_1_417' title='bbox 1019 4071 1101 4125; x_wconf 71' lang='lat' dir='ltr'><strong>umbe</strong></span> <span class='ocrx_word' id='word_1_418' title='bbox 1110 4071 1277 4142; x_wconf 81' lang='lat' dir='ltr'><strong>pronunciet:</strong></span> 
     </span>
     <span class='ocr_line' id='line_1_41' title="bbox 122 4157 1379 4228; baseline -0.002 -18"><span class='ocrx_word' id='word_1_419' title='bbox 122 4158 208 4212; x_wconf 72' lang='lat' dir='ltr'><strong>irater</strong></span> <span class='ocrx_word' id='word_1_420' title='bbox 218 4163 282 4212; x_wconf 72' lang='lat' dir='ltr'><strong>emin</strong></span> <span class='ocrx_word' id='word_1_421' title='bbox 293 4159 442 4228; x_wconf 77' lang='lat' dir='ltr'><strong>nisisolior,</strong></span> <span class='ocrx_word' id='word_1_422' title='bbox 457 4158 581 4210; x_wconf 80' lang='lat' dir='ltr'><strong>eccleciae</strong></span> <span class='ocrx_word' id='word_1_423' title='bbox 585 4158 667 4226; x_wconf 80' lang='lat' dir='ltr'><strong>fides,</strong></span> <span class='ocrx_word' id='word_1_424' title='bbox 683 4159 805 4210; x_wconf 58' lang='lat' dir='ltr'><strong>mininam</strong></span> <span class='ocrx_word' id='word_1_425' title='bbox 823 4160 851 4209; x_wconf 85' lang='lat' dir='ltr'><strong>io</strong></span> <span class='ocrx_word' id='word_1_426' title='bbox 867 4175 946 4210; x_wconf 79' lang='lat' dir='ltr'><strong>earne</strong></span> <span class='ocrx_word' id='word_1_427' title='bbox 952 4157 1034 4227; x_wconf 81' lang='lat' dir='ltr'><strong>poulo</strong></span> <span class='ocrx_word' id='word_1_428' title='bbox 1041 4157 1104 4227; x_wconf 80' lang='lat' dir='ltr'><strong>plue</strong></span> <span class='ocrx_word' id='word_1_429' title='bbox 1112 4159 1194 4208; x_wconf 79' lang='lat' dir='ltr'><strong>minus</strong></span> <span class='ocrx_word' id='word_1_430' title='bbox 1204 4175 1279 4226; x_wconf 77' lang='lat' dir='ltr'><strong>punse</strong></span> <span class='ocrx_word' id='word_1_431' title='bbox 1304 4186 1326 4226; x_wconf 65' lang='grc' dir='ltr'><strong>ρ,</strong></span> <span class='ocrx_word' id='word_1_432' title='bbox 1336 4174 1379 4216; x_wconf 67' lang='grc' dir='ltr'><strong>ιη,</strong></span> 
     </span>
     <span class='ocr_line' id='line_1_42' title="bbox 122 4243 1279 4314; baseline -0.004 -14"><span class='ocrx_word' id='word_1_433' title='bbox 122 4259 207 4300; x_wconf 80' lang='lat' dir='ltr'><strong>mm</strong></span> <span class='ocrx_word' id='word_1_434' title='bbox 218 4247 294 4298; x_wconf 67' lang='lat' dir='ltr'><strong>umus</strong></span> <span class='ocrx_word' id='word_1_435' title='bbox 303 4243 379 4314; x_wconf 74' lang='lat' dir='ltr'><strong>usquc</strong></span> <span class='ocrx_word' id='word_1_436' title='bbox 391 4245 428 4296; x_wconf 83' lang='lat' dir='ltr'><strong>od</strong></span> <span class='ocrx_word' id='word_1_437' title='bbox 437 4260 500 4296; x_wconf 82' lang='lat' dir='ltr'><strong>cuce</strong></span> <span class='ocrx_word' id='word_1_438' title='bbox 511 4251 624 4312; x_wconf 75' lang='lat' dir='ltr'><strong>tempora</strong></span> <span class='ocrx_word' id='word_1_439' title='bbox 632 4245 763 4312; x_wconf 65' lang='lat' dir='ltr'><strong>poemenis</strong></span> <span class='ocrx_word' id='word_1_440' title='bbox 773 4246 879 4306; x_wconf 68' lang='lat' dir='ltr'><strong>mbs&#39;m,</strong></span> <span class='ocrx_word' id='word_1_441' title='bbox 890 4245 952 4313; x_wconf 82' lang='lat' dir='ltr'><strong>qnia</strong></span> <span class='ocrx_word' id='word_1_442' title='bbox 963 4243 1082 4296; x_wconf 78' lang='lat' dir='ltr'><strong>uidelicet</strong></span> <span class='ocrx_word' id='word_1_443' title='bbox 1091 4259 1145 4295; x_wconf 86' lang='lat' dir='ltr'><strong>m</strong></span> <span class='ocrx_word' id='word_1_444' title='bbox 1157 4259 1279 4296; x_wconf 73' lang='lat' dir='ltr'><strong>amensa</strong></span> 
     </span>
     <span class='ocr_line' id='line_1_43' title="bbox 116 4325 1279 4400; baseline -0.003 -17"><span class='ocrx_word' id='word_1_445' title='bbox 116 4330 364 4400; x_wconf 81' lang='lat' dir='ltr'><strong>saeritboptirotus‚</strong></span> <span class='ocrx_word' id='word_1_446' title='bbox 381 4333 449 4382; x_wconf 66' lang='lat' dir='ltr'><strong>dent</strong></span> <span class='ocrx_word' id='word_1_447' title='bbox 461 4325 722 4396; x_wconf 67' lang='lat' dir='ltr'><strong>murocinetum</strong></span> <span class='ocrx_word' id='word_1_448' title='bbox 738 4335 851 4392; x_wconf 71' lang='lat' dir='ltr'><strong>testabor,</strong></span> <span class='ocrx_word' id='word_1_449' title='bbox 868 4337 893 4380; x_wconf 82' lang='lat' dir='ltr'><strong>et</strong></span> <span class='ocrx_word' id='word_1_450' title='bbox 909 4337 960 4380; x_wconf 82' lang='lat' dir='ltr'><strong>trec</strong></span> <span class='ocrx_word' id='word_1_451' title='bbox 976 4331 1050 4381; x_wconf 76' lang='lat' dir='ltr'><strong>semis</strong></span> <span class='ocrx_word' id='word_1_452' title='bbox 1067 4346 1147 4382; x_wconf 79' lang='lat' dir='ltr'><strong>aanor</strong></span> <span class='ocrx_word' id='word_1_453' title='bbox 1158 4337 1220 4398; x_wconf 77' lang='lat' dir='ltr'><strong>post</strong></span> <span class='ocrx_word' id='word_1_454' title='bbox 1233 4327 1279 4381; x_wconf 83' lang='lat' dir='ltr'><strong>bn·-</strong></span> 
     </span>
     <span class='ocr_line' id='line_1_44' title="bbox 121 4401 1279 4485; baseline -0.003 -17"><span class='ocrx_word' id='word_1_455' title='bbox 121 4401 215 4483; x_wconf 68' lang='lat' dir='ltr'><strong>prisma</strong></span> <span class='ocrx_word' id='word_1_456' title='bbox 228 4417 434 4485; x_wconf 79' lang='lat' dir='ltr'><strong>praedicanerit.</strong></span> <span class='ocrx_word' id='word_1_457' title='bbox 467 4411 579 4468; x_wconf 77' lang='lat' dir='ltr'><strong>Subicit</strong></span> <span class='ocrx_word' id='word_1_458' title='bbox 596 4411 701 4466; x_wconf 87' lang='lat' dir='ltr'><strong>deinde:</strong></span> <span class='ocrx_word' id='word_1_459' title='bbox 726 4411 825 4466; x_wconf 76' lang='lat' dir='ltr'><strong>Sancta</strong></span> <span class='ocrx_word' id='word_1_460' title='bbox 839 4414 962 4482; x_wconf 65' lang='lat' dir='ltr'><strong>squidem</strong></span> <span class='ocrx_word' id='word_1_461' title='bbox 972 4413 1090 4466; x_wconf 77' lang='lat' dir='ltr'><strong>Romanu</strong></span> <span class='ocrx_word' id='word_1_462' title='bbox 1102 4415 1279 4484; x_wconf 80' lang='lat' dir='ltr'><strong>etupoetob&#39;cc</strong></span> 
     </span>
     <span class='ocr_line' id='line_1_45' title="bbox 124 4499 1278 4570; baseline 0.002 -18"><span class='ocrx_word' id='word_1_463' title='bbox 124 4501 231 4554; x_wconf 64' lang='lat' dir='ltr'><strong>certem</strong></span> <span class='ocrx_word' id='word_1_464' title='bbox 243 4500 311 4554; x_wconf 83' lang='lat' dir='ltr'><strong>hooc</strong></span> <span class='ocrx_word' id='word_1_465' title='bbox 322 4515 349 4554; x_wconf 80' lang='lat' dir='ltr'><strong>ee</strong></span> <span class='ocrx_word' id='word_1_466' title='bbox 354 4503 433 4570; x_wconf 77' lang='lat' dir='ltr'><strong>fidem</strong></span> <span class='ocrx_word' id='word_1_467' title='bbox 445 4508 528 4552; x_wconf 75' lang='lat' dir='ltr'><strong>tmere</strong></span> <span class='ocrx_word' id='word_1_468' title='bbox 538 4502 638 4569; x_wconf 78' lang='lat' dir='ltr'><strong>stipsis</strong></span> <span class='ocrx_word' id='word_1_469' title='bbox 649 4507 757 4552; x_wconf 63' lang='lat' dir='ltr'><strong>nemius·</strong></span> <span class='ocrx_word' id='word_1_470' title='bbox 766 4499 901 4563; x_wconf 75' lang='lat' dir='ltr'><strong>indiculis,</strong></span> <span class='ocrx_word' id='word_1_471' title='bbox 911 4515 977 4568; x_wconf 78' lang='lat' dir='ltr'><strong>punc</strong></span> <span class='ocrx_word' id='word_1_472' title='bbox 987 4502 1040 4551; x_wconf 81' lang='lat' dir='ltr'><strong>cuir</strong></span> <span class='ocrx_word' id='word_1_473' title='bbox 1047 4501 1075 4552; x_wconf 84' lang='lat' dir='ltr'><strong>ic</strong></span> <span class='ocrx_word' id='word_1_474' title='bbox 1089 4505 1169 4553; x_wconf 61' lang='lat' dir='ltr'><strong>emen</strong></span> <span class='ocrx_word' id='word_1_475' title='bbox 1180 4517 1278 4554; x_wconf 73' lang='lat' dir='ltr'><strong>uam</strong></span> 
     </span>
     <span class='ocr_line' id='line_1_46' title="bbox 125 4585 1279 4656; baseline -0.003 -18"><span class='ocrx_word' id='word_1_476' title='bbox 125 4589 167 4638; x_wconf 68' lang='lat' dir='ltr'><strong>aas</strong></span> <span class='ocrx_word' id='word_1_477' title='bbox 177 4586 317 4640; x_wconf 79' lang='lat' dir='ltr'><strong>imerihere</strong></span> <span class='ocrx_word' id='word_1_478' title='bbox 327 4587 401 4650; x_wconf 70' lang='lat' dir='ltr'><strong>eoin,</strong></span> <span class='ocrx_word' id='word_1_479' title='bbox 412 4585 456 4638; x_wconf 83' lang='lat' dir='ltr'><strong>nbi</strong></span> <span class='ocrx_word' id='word_1_480' title='bbox 464 4593 559 4656; x_wconf 73' lang='lat' dir='ltr'><strong>tempas</strong></span> <span class='ocrx_word' id='word_1_481' title='bbox 566 4586 708 4639; x_wconf 54' lang='lat' dir='ltr'><strong>&amp;minicae</strong></span> <span class='ocrx_word' id='word_1_482' title='bbox 712 4587 842 4654; x_wconf 71' lang='lat' dir='ltr'><strong>pusionis</strong></span> <span class='ocrx_word' id='word_1_483' title='bbox 850 4586 878 4636; x_wconf 80' lang='lat' dir='ltr'><strong>to</strong></span> <span class='ocrx_word' id='word_1_484' title='bbox 888 4587 1034 4654; x_wconf 62' lang='lat' dir='ltr'><strong>turmodum</strong></span> <span class='ocrx_word' id='word_1_485' title='bbox 1040 4587 1143 4656; x_wconf 73' lang='lat' dir='ltr'><strong>populu</strong></span> <span class='ocrx_word' id='word_1_486' title='bbox 1154 4599 1279 4638; x_wconf 77' lang='lat' dir='ltr'><strong>revocem</strong></span> 
     </span>
    </p>
   </div>
   <div class='ocr_carea' id='block_1_8' title="bbox 0 0 1590 5044">
    <p class='ocr_par' dir='ltr' id='par_1_9' title="bbox 0 0 1590 5044">
     <span class='ocr_line' id='line_1_47' title="bbox 0 0 1590 5044; baseline 0 0"><span class='ocrx_word' id='word_1_487' title='bbox 0 0 1590 5044; x_wconf 95' lang='lat' dir='ltr'><strong> </strong></span> 
     </span>
    </p>
   </div>
  </div>
 </body>
</html>
