3138 5044
288 296 397 352 cmv

285 451 373 506 rianos
385 451 437 506 alio
448 451 506 506 loco
517 451 678 522 probabitur.
700 451 735 506 At
744 452 772 506 in
782 451 895 518 Iuliana,
912 450 968 505 sire
978 449 1035 506 tlxa
1049 451 1187 522 stabilique
1203 452 1267 506 anui
1282 451 1382 518 imma,
1400 453 1449 508 Hs·

286 537 457 592 catombaecn
467 535 553 590 haesit
563 538 591 592 in
602 537 681 601 lulio,
693 537 786 607 reliqui
798 543 935 606 sequentes
946 537 1059 590 Iulianos
1071 553 1175 591 menses
1187 537 1365 592 obtinuerunt.
1389 537 1448 591 Plu·

285 622 390 676 tsrohus
401 639 462 676 cum
473 623 617 678 Atticorum
628 623 758 676 meusium
771 623 903 686 meminit,
921 639 1110 692 nonnunquam
1125 623 1195 676 fixos
1212 623 1271 676 illos
1288 639 1319 677 ae
1332 623 1450 678 intimos
1561 623 1562 676 ἶ

284 709 414 780 intelligit.
438 707 512 772 Quod
524 714 612 762 antem
623 725 713 762 eornm
724 709 819 762 seriem
830 707 1000 762 Athenienses
1012 708 1173 762 retexuerint
1189 713 1216 762 et
1226 708 1383 764 Hecatomb.
1398 714 1449 762 sta-
1561 755 1562 772 2

284 795 355 851 tione
364 794 530 860 dimoverint,
542 793 611 848 haud
623 794 676 848 scio
688 810 722 848 an
734 811 768 848 ex
780 795 831 850 alio
844 794 969 865 scriptore
979 809 1057 864 quam
1069 810 1103 848 ex
1112 791 1309 864 hoclipipbanii
1317 793 1377 848 loco
1390 809 1450 848 con·
1561 775 1562 800 ¹

285 885 354 934 stare
364 880 456 951 possit.
1255 935 1257 938 .

352 965 404 1036 Πρὸ
414 964 438 1028 ἓξ
447 963 527 1018 Eidem
536 965 698 1038 Νοιμβρίωι]
715 963 859 1020 Neomenia
867 965 950 1035 Athyr
958 965 1070 1030 Actiaci,
1081 965 1122 1018 rel
1131 963 1314 1029 Diocleh'anei,
1326 967 1451 1020 convenit

285 1071 309 1104 ι.
321 1051 377 1108 Kal.
389 1051 469 1116 Non,
479 1050 528 1104 hoc
540 1056 581 1104 est
593 1051 695 1104 Octobr.
705 1069 798 1108 xrvrn.
822 1051 891 1122 Ergo
904 1051 1073 1106 duodecimus
1085 1049 1168 1121 Athyr
1180 1049 1335 1104 Novembris
1348 1055 1450 1115 oetam,

285 1138 341 1194 sire
352 1155 387 1191 rr.
397 1137 453 1192 Eid.
466 1136 544 1201 Non,
556 1137 625 1208 quod
636 1142 663 1190 et
673 1153 745 1190 num.
755 1155 807 1194 ιιι.
820 1153 898 1208 supra
909 1137 1022 1202 dixerat,
1032 1155 1075 1192 nx.
1085 1136 1126 1190 die
1138 1141 1199 1192 ante
1207 1134 1363 1206 Epiphania.
1391 1135 1450 1189 Per·
1561 1179 1562 1220 ,

285 1239 376 1294 peram
386 1223 473 1292 itaque
484 1227 587 1293 postea,
599 1239 740 1288 n.xxv111.‚
753 1221 801 1292 rrpb
814 1217 881 1276 ὀκτὼ
893 1219 973 1274 Elidos
986 1220 1128 1292 Νοιμβρίωι
1140 1237 1157 1274 a
1167 1221 1271 1276 librario
1283 1221 1422 1292 scriptum.

353 1306 422 1360 Κατὰ
438 1307 618 1378 Σαλαμινίους]
647 1306 791 1362 Neomenia
807 1305 903 1361 (lboiac
918 1307 1009 1362 incidit
1025 1325 1063 1392 qn.
1079 1307 1218 1372 Novemb,
1234 1324 1312 1376 quem
1328 1323 1450 1362 mensem

285 1395 391 1448 tertium
401 1393 528 1464 appellat,
545 1394 598 1446 sire
614 1393 683 1462 qnod
698 1393 785 1462 plures
802 1392 917 1446 eiusdem
929 1393 1042 1446 nominis
1054 1397 1154 1457 essent,
1170 1397 1199 1445 ut
1211 1391 1280 1462 apud
1291 1393 1451 1446 retentiones

285 1481 384 1534 Arabm
396 1479 447 1532 duo
459 1478 544 1532 Rabiu
560 1487 633 1543 sunt,
650 1477 809 1548 totidemque
823 1477 974 1544 Giumediu,
992 1479 1046 1531 sire
1064 1477 1134 1548 quod
1152 1476 1240 1531 ordine
1257 1477 1350 1532 terh‘us
1369 1485 1449 1532 essm.

285 1565 359 1619 Unde
374 1569 401 1618 et
417 1565 521 1634 quintus
538 1563 565 1617 in
582 1563 731 1618 Ianuarium
747 1563 863 1616 incurrit.
888 1563 919 1618 A.
931 1581 970 1618 ιιι.
983 1562 1048 1618 Nor.
1062 1563 1095 1616 ad
1109 1561 1167 1618 Kal.
1179 1563 1232 1616 Ian
1250 1563 1448 1633 comprehensio

285 1651 342 1706 Kal.
353 1651 417 1722 ipsis
428 1651 483 1704 dies
494 1659 556 1702 eunt
567 1649 643 1704 solidi
654 1667 702 1714 cx,
717 1649 763 1720 qui
778 1665 882 1702 meuses
898 1648 962 1702 duos
975 1649 1126 1702 tricenarios
1139 1647 1262 1702 efficiunt.
1286 1647 1355 1702 Nam
1366 1666 1398 1704 rr.
1411 1649 1450 1702 Ia-

285 1737 370 1790 nuarii
386 1735 495 1807 πέμπτος
518 1735 615 1788 mensis
632 1735 697 1790 iniit.
733 1733 857 1788 Videntur
874 1734 1010 1788 Salaminii
1029 1733 1193 1804 aequabilem
1212 1737 1240 1788 et
1256 1733 1451 1804 Aegyptiarum

285 1823 416 1876 mensium
430 1821 560 1876 ascivisse.

285 1921 287 1926 ’
353 1907 421 1960 Κατὰ
432 1906 561 1976 Παφίους]
578 1905 723 1976 Apogonioi
734 1905 871 1960 neomenia
881 1906 966 1977 coepit
978 1905 1068 1978 octob.
1081 1923 1153 1959 xxiv.
1170 1904 1242 1958 Inlue
1254 1904 1313 1960 iniit
1322 1905 1451 1960 Decemb.

286 2011 358 2048 xxrv.
380 1995 404 2046 A
421 1993 462 2046 die
474 2010 545 2046 xxrv.
558 1990 648 2044 Octob.
660 1991 694 2043 ad
705 2009 780 2046 rxrn.
791 1990 853 2044 Dec.
865 1991 920 2046 dies
937 1996 999 2044 sunt
1009 2009 1068 2058 uxr,
1085 1992 1131 2062 qui
1146 1996 1206 2046 suut
1221 1991 1272 2046 duo
1289 1989 1451 2062 Paphiorum

286 2093 398 2134 menses.
421 2076 506 2141 Quare
517 2077 683 2148 Apogonicoe
694 2075 850 2147 Paphiorum
861 2077 912 2132 init
922 2076 1076 2142 November,
1088 2077 1159 2132 iulus
1170 2076 1322 2130 December.

354 2160 423 2216 Κατὰ
434 2158 561 2231 Ἄραβας.]
580 2161 723 2216 Neomenia
733 2161 937 2232 Augalthabaitlr
949 2161 1067 2216 Octobris
1079 2181 1154 2218 xvnr.
1165 2162 1302 2233 competit,
1314 2177 1330 2214 a
1342 2177 1397 2231 quo
1410 2161 1453 2215 die

287 2250 321 2302 ad
332 2267 385 2302 ιιι.
397 2247 458 2301 Dec.
471 2247 525 2300 dies
537 2253 598 2302 sunt
610 2265 657 2312 nx,
674 2248 729 2301 siro
745 2247 796 2301 duo
812 2265 915 2302 menses
927 2248 1094 2319 Aegyptiaci,
1112 2249 1206 2318 quibus
1222 2248 1264 2301 usi
1274 2252 1336 2302 suut
1347 2248 1451 2302 Arabes

287 2335 339 2388 illis
351 2333 520 2404 temporibus.
543 2331 611 2386 Nam
622 2333 759 2387 neomenia
769 2333 851 2388 Aleon
862 2334 940 2405 paulo
953 2339 1013 2387 ante
1025 2334 1109 2404 coepit
1120 2333 1270 2386 Decembris
1282 2351 1347 2388 rru.

355 2417 424 2471 hurd
435 2418 579 2480 Μακεδόνας
591 2416 756 2487 Ἀπελλαίου.]
790 2420 952 2474 Macedonici
966 2420 1079 2485 mensis,
1096 2435 1156 2474 cum
1173 2419 1205 2472 de
1222 2425 1338 2489 tempere
1354 2419 1453 2472 nablis

287 2510 389 2576 ageret,
405 2504 564 2558 mentionem
581 2505 675 2559 omisit.
699 2503 825 2558 Convenit
839 2522 916 2576 porro
930 2505 1047 2576 Apellaoi
1061 2504 1199 2560 neomenia
1214 2520 1275 2558 cum
1290 2501 1455 2574 Paphiorum
1561 2561 1562 2584 ,

286 2591 448 2664 Apogonico.
471 2589 539 2644 Nam
551 2595 661 2660 utraque
672 2590 730 2644 iniit
741 2589 861 2644 Octobris
873 2609 944 2647 xxrv.
969 2591 1021 2646 Sed
1037 2597 1129 2646 uenus
1141 2590 1241 2644 lunaris
1256 2590 1350 2644 extitit.
1373 2589 1454 2661 Apud

286 2677 387 2732 mediae
403 2677 539 2730 vetustatis
557 2677 708 2746 scriptores,
724 2677 876 2748 praesertim
890 2675 1064 2742 Christianos,
1081 2691 1271 2746 nonnunquam
1285 2675 1455 2732 Macedonici
1561 2713 1562 2734 t

286 2779 391 2816 menses
407 2777 466 2815 cum
478 2761 729 2832 Syromacsdonicis‚
748 2779 813 2832 quos
830 2767 857 2816 et
869 2761 1027 2816 Graecorum
1043 2778 1147 2816 menses
1164 2761 1307 2832 appellent,
1324 2761 1455 2815 confundi

186 2875 207 2917 p.
217 2863 260 2908 rae.
285 2849 388 2912 rideas,
405 2848 473 2901 utin
484 2848 583 2918 insigni
593 2847 638 2902 iilo
650 2847 764 2904 Anatolii
773 2848 846 2913 loco,
862 2863 940 2918 quem
953 2848 981 2902 in
992 2848 1112 2918 sequenti
1123 2847 1241 2901 Diatriba
1252 2846 1453 2912 declarabimus,

286 2935 351 2988 alias
363 2949 423 2988 rero
439 2933 563 2998 discerm,
580 2939 610 2986 ut
624 2931 745 2987 hocloco
761 2933 824 2987 iecit
838 2932 1006 3004 Epiphanius.
1029 2933 1063 2986 'tlt
1073 2937 1141 2987 certe
1154 2931 1454 3002 Syromacedenicorum
1561 2993 1562 3016 ,

286 3019 417 3074 mensium
428 3019 495 3072 alius
506 3018 534 3071 in
545 3035 614 3072 anno
626 3019 726 3072 Iuliano
738 3019 803 3072 situs
816 3035 896 3089 qnam
906 3019 1134 3072 Macedonicorum
1144 3018 1206 3084 tuit,
1224 3035 1277 3072 nou
1288 3016 1367 3072 modo
1378 3025 1453 3074 vete-

287 3121 357 3169 rum,
370 3120 436 3174 quos
447 3104 552 3157 lnnmes
564 3104 648 3158 luisse
657 3105 827 3174 suspicamur,
839 3104 885 3158 sed
897 3105 975 3160 etiam
986 3106 1157 3160 recentiorum
1169 3120 1200 3158 ac
1211 3103 1333 3158 fixorum.
1350 3105 1389 3158 Ae
1403 3122 1453 3176 po·

287 3189 424 3244 acriorum
436 3188 551 3259 quidem,
567 3187 617 3242 hoc
628 3195 668 3242 est
677 3190 918 3256 Macedonicorum,
933 3191 1003 3262 apud
1017 3192 1140 3261 antiquos
1151 3190 1232 3244 sedes
1244 3190 1356 3244 obscura
1366 3196 1411 3244 est
1422 3207 1454 3245 sc

287 3274 413 3338 difficilis,
424 3273 493 3344 quod
505 3274 536 3327 de
548 3289 579 3328 aa
589 3275 659 3328 raris
670 3277 886 3346 praestantissimi
897 3277 1036 3347 scriptores
1048 3277 1214 3330 existimasse
1225 3275 1369 3332 rideantur.
1397 3275 1454 3330 Sed

287 3360 387 3414 ondssa
397 3359 474 3416 modo
484 3361 650 3430 quaestione,
665 3362 707 3414 rel
722 3362 750 3416 in
762 3362 832 3416 uliud
843 3363 931 3434 potins
943 3362 1038 3427 cmo,
1052 3367 1157 3434 tempus
1173 3363 1211 3416 sic
1227 3361 1333 3416 omnino
1348 3366 1454 3416 suino:

286 3446 433 3517 Principem
449 3447 579 3499 mensium
595 3447 682 3500 locum
699 3447 817 3501 exddsse
834 3448 879 3518 qui
895 3448 1116 3502 Hecatombaeoni
1135 3447 1307 3518 responderit,
1329 3447 1402 3517 quod
1424 3449 1454 3502 in

286 3531 428 3587 Alexandri
438 3531 492 3584 rita
507 3536 618 3586 metatur
632 3531 792 3588 Plutarchus.
818 3533 934 3587 Galenus
952 3549 1056 3604 quoqne
1071 3534 1099 3586 in
1112 3533 1157 3586 lib.
1166 3551 1185 3588 1.
1198 3532 1314 3604 Epidem.
1325 3533 1455 3603 aequino-

287 3617 368 3672 ctium
380 3617 531 3671 autumnale
543 3614 605 3669 κατὰ
616 3616 660 3684 τὴν
673 3614 750 3689 ἀρχὴν
762 3623 806 3671 rot
819 3619 877 3670 Alco
890 3618 965 3690 μηνὸς
976 3619 1034 3673 fieri
1045 3620 1159 3690 scripsit,
1169 3619 1276 3672 ineunte
1284 3617 1454 3673 reroPeritio
1561 3613 1562 3654 i

287 3701 429 3758 solstitium
444 3702 592 3769 hibernum,
608 3701 802 3774 aequinoctium
812 3721 921 3758 vernum
932 3705 1085 3770 Artemisio,
1095 3704 1222 3758 aestivum
1234 3704 1375 3758 solstitium
1384 3703 1454 3760 Leo.

287 3788 361 3854 Quod
374 3789 415 3842 vel
427 3788 458 3842 de
470 3789 577 3844 Iulianis
588 3805 620 3843 ac
630 3789 692 3843 fixis
703 3790 836 3844 mensibus
851 3791 934 3861 accipi
949 3797 1047 3862 potest,
1064 3790 1105 3844 rel
1123 3789 1154 3843 de
1171 3790 1317 3854 lunaribus,
1334 3805 1366 3842 eo
1377 3789 1453 3844 vide·

286 3875 347 3928 licet
358 3889 450 3940 sensu,
462 3881 491 3928 ut
502 3875 551 3928 sub
564 3881 675 3946 quatuor
685 3875 744 3929 illos
757 3876 820 3929 anni
830 3875 946 3930 cardines
959 3876 1067 3930 totidem
1078 3875 1117 3928 illi
1128 3891 1231 3928 menses
1242 3876 1340 3929 ineant.
1367 3873 1454 3929 Favet

286 3959 347 4014 huic
358 3961 520 4014 coniecturae
531 3960 668 4032 Iosephus,
684 3961 730 4031 qni
739 3977 863 4032 persaepe
874 3960 1035 4016 Xanthicum
1046 3960 1128 4014 Nisan
1140 3977 1197 4014 esse
1208 3960 1282 4026 dicit,
1298 3966 1329 4014 ut
1339 3959 1450 4030 origen.

286 4044 331 4099 lib.
342 4063 360 4099 ι.
372 4061 429 4117 cap.
439 4064 492 4111 nc,
504 4052 531 4100 et
541 4047 586 4099 lib.
596 4063 633 4102 ιιι.
646 4059 703 4116 cap.
713 4063 749 4099 rx.
761 4051 788 4098 et
799 4064 837 4112 x.,
848 4047 915 4100 libro
926 4063 988 4100 roro
997 4065 1053 4100 rur.
1065 4061 1122 4117 cap.
1131 4065 1159 4100 ιι.
1171 4045 1295 4100 limeum
1305 4047 1450 4100 Artemisio

287 4132 430 4200 componit,
441 4132 486 4184 lib.
495 4149 552 4186 rur.
566 4147 622 4202 cap.
633 4149 671 4185 nr.
683 4131 921 4201 hyperberetaeum
932 4147 992 4186 cum
1003 4132 1083 4196 lieri,
1095 4131 1173 4185 Dium
1185 4147 1245 4186 cnm
1256 4129 1452 4186 blmehesursn
1561 4131 1562 4154 ³

287 4213 360 4268 libr.
376 4231 431 4287 cap.
440 4235 492 4282 ιιι,
510 4215 625 4270 Ohssseu
642 4231 702 4270 cum
719 4217 841 4287 Apellseo
859 4217 904 4272 lib.
918 4235 966 4272 ιιι.
984 4233 1042 4288 cap.
1055 4235 1101 4270 ιιι.
1135 4216 1207 4270 Adde
1224 4217 1255 4270 iis
1273 4218 1452 4272 asuonomica
1561 4235 1562 4290 ι

288 4299 416 4368 quaedam
426 4303 547 4372 exempla
557 4303 585 4356 iu
597 4300 737 4356 Chaldaica
749 4301 852 4372 periodo
864 4303 933 4373 apud
944 4303 1129 4358 Ptolemaeum.
1153 4301 1225 4366 Quae
1237 4301 1327 4356 omnia
1336 4302 1399 4356 alibi
1411 4301 1451 4355 di-
1561 4343 1562 4352 ,

287 4385 412 4454 ligeum
424 4385 593 4455 explicantur.
616 4387 686 4440 luter
697 4387 922 4442 Macedonicorum
933 4389 1063 4442 mensium
1079 4405 1114 4442 ex
1131 4388 1163 4442 iis
1180 4389 1301 4443 omnibus
1319 4387 1381 4442 ordo
1398 4388 1451 4442 ists
1561 4421 1562 4436 ι

287 4468 484 4526 constituendus
495 4477 541 4523 est.
