3186 5042
509 345 670 399 εοιιιετιε
687 347 728 397 ιε
745 347 816 398 ιιι.
834 346 961 400 ιιιιιιισ.
1256 336 1316 398 109

167 477 208 518 tur.
241 464 297 518 vtd.
314 469 410 517 Ρεεῖῖεε.
428 465 495 524 Ηίει.
514 465 607 518 Philon.
623 465 808 518 Graeco-Rom.
829 483 852 534 p.
871 471 912 518 89.
947 466 996 516 Pro
1012 461 1041 520 td
1060 460 1166 532 ότρεκὶς
1183 481 1224 534 up.
1240 468 1317 517 Xeno·

166 555 231 616 pion.
250 561 288 601 ert
305 547 333 604 τό
354 550 445 618 σοφός,
464 551 532 618 quod
548 555 634 603 Seniue
650 551 830 618 interpretatur
845 545 963 617 τάληθές.
992 551 1061 602 Voce
1079 543 1186 617 ἀτρεκὲς
1203 550 1317 601 insimili

167 637 284 688 uenientia
301 637 379 688 utitur
395 639 519 688 »munit
535 654 577 704 up.
594 639 658 688 Seni.
677 639 767 699 Empir.
785 635 848 685 Adv.
865 635 945 686 Muth.
964 637 1018 686 vti.
1035 639 1093 686 190.

227 723 252 772 Ρ.
269 725 320 771 198
337 723 439 788 (1001).
465 718 1064 788 κατόφαντοσῖοινδλκαλδόκησιν
1082 718 1120 774 τό
1138 717 1317 788 πόντογῖ·

167 799 798 874 renuerentpnttrxeriitn'urter,
825 800 893 859 ἀλλ’
911 800 1317 872 οότωφσιίνεσδσικατό

166 890 221 959 τήν
244 891 277 946 ἐν
301 893 345 961 τῷ
372 885 476 946 όδατι
499 889 635 957 κοίτην.)
659 890 805 958 Exemplum
822 891 883 940 remi
902 890 961 958 quid
979 891 1025 942 ribi
1044 890 1117 952 uelit,
1144 901 1169 940 te
1192 889 1319 941 dooebuut

166 981 241 1028 fluuit.
253 977 286 1028 ud
303 980 350 1030 Cin
361 975 438 1029 trud.
456 981 486 1040 11,
501 981 523 1027 1.
541 987 568 1028 et
580 977 640 1028 Boit.
655 975 688 1026 ud
703 979 819 1027 Cleomed.
833 991 857 1043 p.
866 979 924 1025 991.
943 973 1015 1027 Adde
1028 975 1155 1027 Animadu.
1171 975 1198 1028 iu
1211 978 1318 1028 sintii.

166 1065 375 1130 i.p.183.eupr.
396 1073 422 1112 et
439 1079 503 1130 quau
521 1061 546 1112 iu
564 1060 691 1130 supplem.
705 1060 892 1112 tunetthtlot.
909 1059 967 1112 vot.
987 1061 1023 1111 X.
1041 1062 1110 1112 Fure.
1127 1063 1156 1112 ii.
1174 1080 1199 1129 p.
1213 1065 1270 1112 109.
1288 1077 1318 1111 ex

168 1151 258 1200 Ρλῖῖοιιε
275 1151 362 1203 iudutu
379 1147 412 1198 ud
429 1150 677 1202 Pttudoiitmtnium
693 1149 814 1198 Pitiiuntttt
830 1146 957 1197 annotavi.
993 1147 1041 1209 Qui
1055 1147 1212 1215 exemplum,
1229 1167 1243 1199 ε
1261 1149 1319 1198 Soe-

167 1233 235 1302 pticis
254 1233 449 1300 frequentatum,
465 1231 594 1301 Leucippo
611 1232 781 1300 ndroeipterit,
797 1241 898 1300 praeter
913 1231 1079 1301 Epiphanium
1095 1231 1154 1285 noui
1169 1233 1300 1284 nemiuem.

229 1321 257 1370 Ρ.
274 1321 325 1368 499
343 1318 446 1387 (1099).
473 1314 564 1384 Ἔφη
582 1315 619 1372 tt
696 1312 867 1384 εόδυμῖαν
884 1315 919 1371 τό
939 1315 1121 1384 κράτιστον
1139 1316 1240 1385 εἶναι]
1259 1318 1317 1370 vid.

165 1408 255 1469 λῖοτερ.
275 1403 307 1454 ad
324 1406 391 1467 Diup.
408 1405 487 1454 Luiri.
507 1404 612 1454 11145.
630 1407 715 1454 etii.
751 1405 821 1466 Quae
845 1406 993 1468 Epiphanius
1017 1404 1131 1455 subiicit:
1162 1404 1206 1458 καὶ
1229 1401 1257 1457 τό
1276 1407 1318 1458 δο-

164 1493 221 1544 κοῦν
235 1488 332 1544 δίκαιον
350 1483 397 1541 otiu
415 1484 478 1541 εἶναι
494 1487 606 1548 δίκαιον,
633 1505 683 1539 non
704 1488 839 1540 Democriti
856 1499 927 1550 suut,
951 1488 997 1539 red
1013 1489 1096 1558 potine
1114 1489 1317 1558 Pyrr-boninum,

164 1575 249 1642 quibus
268 1573 401 1625 Archelaus
418 1572 443 1622 in
461 1573 509 1624 huc
524 1573 647 1624 sententia
667 1573 779 1641 praeivit.
815 1571 872 1624 Vid.
890 1576 982 1638 dienap.
999 1574 1031 1625 ud
1048 1578 1115 1639 Diup.
1135 1577 1212 1626 δεῖτε.
1231 1577 1260 1625 li.
1278 1579 1317 1624 16.

165 1662 210 1710 tx.
230 1663 287 1709 101.
305 1670 333 1708 et
348 1661 444 1710 huto.
461 1659 527 1710 iiiut.
545 1658 637 1710 Philus.
657 1658 855 1710 Graeco-Rom.
873 1677 898 1726 p.
909 1663 951 1711 to.
984 1660 1040 1710 Neo
1053 1660 1131 1726 mugit
1146 1659 1319 1712 Democriteue

164 1757 219 1796 suut
236 1743 391 1806 sententiae,
418 1761 482 1812 quae
498 1744 564 1814 apud
582 1743 748 1812 Epiphanium
765 1753 914 1812 sequuntur:
945 1740 1072 1798 Ἐπίνοιοιν
1090 1741 1138 1812 γὰρ
1157 1741 1241 1812 κακήν
1262 1783 1268 1795 .
1287 1781 1292 1796 .
1310 1781 1317 1794 .

165 1830 314 1896 ἔλευδερῑιυς
332 1831 387 1894 ζῆν.
422 1830 489 1892 Quas
514 1829 650 1880 sententiat
677 1829 698 1879 ei
715 1827 842 1880 effinxieee
859 1828 988 1891 uidentur,
1016 1829 1058 1898 qui
1080 1829 1112 1881 ad
1130 1830 1269 1882 doctrinam
1286 1831 1318 1882 de

163 1916 270 1968 moribus
287 1932 419 1983 perperutn
437 1915 610 1983 pertraherent
627 1915 703 1966 verbu
717 1914 852 1965 Democriti
865 1913 1136 1982 ducentii-quatitans
1153 1933 1234 1966 rerum
1246 1913 1318 1984 νόμῳ

163 2012 258 2052 tuntum
275 2017 346 2064 eene,
370 2000 397 2050 id
414 2011 452 2050 ert
469 2003 591 2064 opinione,
617 2017 667 2051 nou
685 2003 749 2064 ῖιρε,
773 2009 801 2050 ut
824 1998 860 2050 iili
884 2000 1058 2068 opinabantur.
1101 1999 1156 2052 Vid.
1177 2004 1269 2066 Μεκσρ.
1286 2001 1319 2052 ud

165 2091 230 2151 σοι.
246 2089 324 2138 tarn
343 2087 390 2136 tx.
407 2091 449 2136 ιι.

230 2174 256 2223 P.
273 2175 324 2222 000
340 2171 441 2240 (1009).
477 2169 678 2240 Κεγιόριστο
702 2167 781 2237 γόιρ,
808 2169 913 2236 φησὶ,
939 2167 977 2225 τό
995 2167 1179 2238 πρότερον,
1205 2173 1262 2226 νῦν
1280 2176 1318 2228 δὲ

163 2255 379 2324 συνήνειτιιι,
406 2252 450 2317 uit
468 2255 578 2324 λέγει,
596 2254 795 2324 φιλωδέντοι
812 2249 1001 2324 ἀλλήλοις]
1022 2257 1139 2325 Corripe:
1157 2257 1318 2325 φιλιωδόντα,

161 2343 221 2396 coll.
239 2352 325 2395 annot.
341 2341 368 2392 iu
387 2344 418 2393 Τ.
431 2345 450 2393 i.
466 2361 492 2410 p.
502 2345 552 2392 909
570 2343 655 2409 (1110).
689 2339 809 2391 tiendum
825 2340 890 2408 fugit
899 2343 1049 2394 Kortituittm
1066 2331 1208 2411 Emped'ooi.
1226 2364 1250 2413 p.
1260 2347 1318 2395 091.

160 2427 326 2494 Respondent
343 2437 426 2477 tutem
443 2427 519 2478 verbu
536 2427 690 2493 φιλιωδόντα
706 2421 825 2494 ἀλλήλοις
841 2427 1016 2496 Empedocleie
1034 2447 1070 2480 νε.
1088 2432 1128 2479 91.
1144 2441 1186 2498 tp*
1201 2429 1318 2482 Karsten.

160 2533 187 2583 p.
202 2517 244 2564 99.
263 2541 295 2552 -
313 2509 432 2578 φιλότητι
450 2506 611 2581 συνερχόμεν’
630 2511 666 2572 etr
681 2509 709 2565 ἓν
725 2505 830 2565 ἅπαντα.

231 2601 258 2650 Ρ.
278 2601 327 2647 000
344 2598 446 2665 (1099).
472 2625 513 2649 -.
537 2591 603 2658 ’Ὦς
624 2595 773 2658 τιναεεκ
789 2592 914 2650 τούτου
931 2595 1194 2653 Πεισιδόνατον
1212 2595 1318 2656 αὐτόν

160 2682 332 2750 καλέσαι.)
351 2681 415 2734 Edd.
431 2683 501 2734 Βιείλ
518 2693 545 2733 et
561 2683 646 2733 Ρειευ.
666 2711 704 2731 -.
731 2676 767 2743 σός
783 2679 853 2742 τινός
867 2711 903 2733 -.
930 2683 980 2734 Sed
997 2683 1154 2736 scribendum
1163 2713 1206 2747 ·-,
1225 2679 1263 2746 ὅς
1279 2703 1317 2740 τι·

158 2787 204 2830 νας
224 2799 272 2830 -,
291 2768 386 2836 virgula
403 2785 449 2836 pro
467 2778 561 2836 puncto
577 2769 668 2835 posite.
1018 2787 1019 2791 ¹

231 2855 426 2923 Ρ.009(1099).
444 2851 584 2921 Κράτης
662 2851 779 2922 ἔλεγεν
797 2853 1005 2921 ἐλευθερίοις
1022 2849 1113 2908 εἶναι
1129 2853 1190 2923 τήν
1211 2852 1318 2925 uiuun—

158 2939 328 3008 μοσόνην]
349 2939 506 3008 interpretari
524 2938 617 3007 poesie:
650 2942 730 2991 eruite
805 2943 916 2991 libertatis
932 2955 980 2992 erte
997 2944 1101 2992 omnium
1116 2957 1196 2993 rtrum
1212 2947 1318 3008 inopium

156 3029 239 3089 dixin
255 3027 301 3076 ted
316 3025 400 3076 malim
416 3025 524 3075 scribere
541 3022 693 3091 ἐλευθερίαν.
727 3025 869 3092 Respicitur
884 3025 1013 3077 notieeimu
1031 3026 1064 3076 de
1081 3027 1182 3079 cratete
1199 3030 1319 3090 uerrutio,

157 3111 193 3161 de
211 3127 261 3178 quu
284 3110 368 3162 uidere
386 3110 469 3161 Schol.
487 3111 585 3160 Moneo.
607 3109 634 3160 in
653 3114 747 3175 (ἔτερον.
762 3113 820 3162 Νσσ.
838 3111 885 3162 oui.
903 3113 960 3162 907.
977 3117 1005 3164 Δ.
1019 3111 1045 3164 Β.
1060 3123 1160 3182 praeter
1177 3113 1226 3166 uiiu
1243 3115 1318 3166 tetti-

156 3197 262 3258 moniu,
278 3196 386 3247 excitata
404 3199 512 3261 ditttupio
528 3195 560 3246 ud
580 3199 647 3260 11109.
664 3198 743 3248 Loiri.
761 3197 803 3248 vt.
819 3199 860 3247 87.
1070 3189 1072 3195 ’

231 3283 258 3334 Ρ.
274 3285 323 3332 909
341 3283 444 3352 (1089).
478 3277 770 3349 τὰμένόττερόνω
794 3279 1320 3352 τῆςσελήνηςδεῖαςπρονοίας

156 3365 368 3438 τυγχάνειν,
392 3363 433 3420 τοὶ
450 3364 662 3422 δλκότωθεν
679 3367 739 3434 τῆς
765 3364 918 3435 σελήνης
935 3365 1319 3442 όπρονόητιιότεάργειν

155 3453 222 3508 καλ
240 3453 327 3522 φορᾷ
344 3470 413 3505 τινι
429 3445 545 3520 ε’λόγῳ
563 3451 752 3519 φέρεσθαι,
771 3447 813 3513 uit
831 3451 972 3522 ἔτυχεν.)
993 3453 1318 3525 Οοιιῖ.οιεοιο.Ρεεορ.11ν.

154 3539 221 3602 XV,
240 3541 264 3588 5.
280 3557 304 3607 p.
317 3542 375 3598 799,
392 3539 418 3588 C.
437 3532 614 3604 Ἀριστοτέλης
639 3536 713 3607 μέχρι
738 3533 847 3604 σελήνης
865 3537 966 3604 στήσας
982 3536 1011 3594 τό
1030 3539 1113 3602 λεῖον,
1137 3537 1170 3595 τό
1187 3540 1319 3596 intuitui

156 3621 262 3692 κόσμου
279 3621 429 3691 περιγράφει
444 3623 495 3690 τῆς
511 3626 554 3677 τοῦ
573 3624 632 3677 §itui
646 3621 768 3689 προνοίας.
790 3634 815 3674 et
823 3627 911 3676 Attene
926 3641 964 3691 ep.
976 3624 1048 3675 eund.
1059 3642 1084 3693 p.
1095 3629 1152 3688 190,
1160 3627 1188 3677 G.
1197 3644 1250 3695 eqq.
1262 3633 1319 3680 Gre-

155 3725 212 3773 ρετ.
224 3713 282 3762 Not.
301 3712 368 3760 Orat.
383 3709 491 3760 xxvtt.
511 3729 534 3779 p.
544 3713 602 3762 tut.
613 3713 642 3760 λ.
659 3707 743 3776 ibique
759 3710 795 3762 Ei.
806 3713 867 3762 θεολ.
886 3709 932 3762 col.
950 3715 1005 3761 190.
1019 3718 1046 3765 Α.
1072 3713 1110 3761 De
1126 3712 1197 3764 ioute
1214 3723 1320 3766 tenten-

157 3794 229 3860 tiae,
250 3794 378 3846 Atirtoteli
402 3795 476 3862 vulgo
490 3796 606 3864 uiiictue,
631 3794 681 3846 vid.
697 3794 828 3846 Animadr.
843 3795 869 3845 in
887 3799 912 3847 S.
927 3799 999 3848 itant
1016 3799 1034 3847 Ι.
1051 3813 1075 3864 p.
1092 3799 1164 3859 149..
1189 3811 1276 3852 tuuot.
1293 3800 1319 3851 iu

156 3882 241 3931 Elium
260 3883 321 3932 Cret.
339 3881 356 3933 1.
374 3899 395 3932 ε.
414 3893 440 3932 et
456 3899 519 3950 quae
535 3899 609 3949 rupto
626 3882 676 3932 dixi
693 3881 726 3932 ad
743 3901 769 3951 p.
783 3885 833 3932 490
849 3885 951 3948 (1087).

231 3967 259 4016 Ρ.
278 3969 327 4016 009
345 3968 447 4035 (1090).
468 3961 593 4034 Ἔλεγε
611 3965 647 4021 δὲ
663 3966 770 4022 πάντα
787 3971 936 4022 διοικεῖν
953 3966 988 4022 τό
1008 3969 1123 4034 λεῖον.)
1142 3969 1244 4037 Διηκεῖν
1262 3970 1318 4022 cod.

156 4049 269 4118 Rbedig.
289 4063 365 4114 reete,
387 4051 462 4102 modo
478 4048 576 4117 διήκειν
592 4051 715 4102 scribetur
730 4063 757 4102 et
774 4051 929 4107 συνειπόντα
945 4053 1076 4106 adiicietur
1093 4052 1149 4120 ἐπὶ,
1168 4055 1236 4124 quod
1254 4056 1320 4108 iuter

156 4134 190 4188 δὲ
209 4147 236 4188 et
249 4133 330 4191 πάντα
348 4136 465 4187 itciiiitne
482 4133 583 4188 excidit.
618 4134 718 4202 Διήκειν
736 4147 761 4187 et
777 4141 880 4192 διοικεῖν
896 4155 972 4207 saepe
989 4139 1190 4201 coniuoduntur;
1210 4141 1260 4192 vid.
1271 4159 1319 4192 uu-

156 4233 216 4274 uot.
234 4223 261 4273 in
279 4226 372 4284 (ἕτερον.
384 4225 451 4283 Nutu.
467 4221 505 4270 De
516 4220 603 4270 Anima
619 4231 645 4271 et
662 4223 759 4274 Resurr.
775 4241 801 4291 p.
812 4227 868 4273 191.
887 4235 913 4274 et
928 4225 953 4274 in
968 4228 1048 4276 Eiium
1065 4229 1125 4277 Grti.
1144 4227 1191 4278 ool.
1210 4230 1258 4278 tot
1273 4229 1319 4294 (4).

156 4305 266 4374 Διήκειν
283 4315 364 4357 utitem
382 4316 407 4356 et
422 4305 511 4356 similia
525 4305 616 4356 Stoicis
634 4307 724 4358 utitntu
740 4308 811 4358 iuere
826 4307 851 4358 iu
867 4307 1016 4362 declaranda
1032 4319 1119 4362 nutura
1135 4311 1218 4363 diuina
1236 4311 1319 4364 omniu

156 4403 316 4458 permeante.
353 4394 496 4455 ttrpnppur
513 4411 553 4458 up.
571 4395 638 4456 Dt'op.
656 4395 734 4444 Lucri.
752 4393 804 4443 VH.
825 4397 876 4444 89·
891 4393 906 4448 ό
925 4389 1003 4461 σ’ρδός
1018 4395 1093 4465 λόγος
1110 4394 1167 4452 διὰ
1184 4394 1320 4452 πάντων

156 4473 368 4546 ἐρχόμενος,
394 4473 505 4536 όοιότός
522 4468 557 4530 uit
574 4477 612 4547 τῷ
629 4476 677 4530 Διό.
714 4479 751 4530 De
767 4479 887 4530 Cleanthe
904 4481 1011 4532 Hermiou
1029 4482 1095 4534 iuris.
1114 4483 1207 4535 Ρλιίλοι.
1225 4484 1318 4536 Gentii.

157 4577 219 4630 unp.
236 4567 322 4614 tt·-
356 4559 402 4630 τήν
418 4558 447 4616 tt
467 4558 552 4631 ψυχήν
577 4559 625 4617 δι’
650 4557 733 4618 όλου
758 4565 817 4618 τοῦ
843 4561 977 4634 κόσμου
1002 4565 1146 4637 διήκειν.
1171 4569 1213 4622 ubi
1232 4572 1318 4623 Warttu
