3138 5044
284 479 323 533 Ex
340 479 426 536 Fastis
444 485 610 556 Capitolonis.
710 477 713 574 1
746 489 787 542 Ex
804 491 955 564 Epiphanio.
1002 493 1136 550 Eanstis
1149 497 1250 551 Siculis.

134 613 169 670 3³
194 615 223 674 1..
235 615 349 672 Licinius
461 621 489 676 L.
502 621 655 694 Calpurnius
723 626 829 682 Crassus
841 634 867 682 et
878 629 937 684 Piso
1001 630 1132 686 Getulious
1155 639 1181 688 et
1205 635 1251 690 Sa·

133 785 169 842 34
195 789 242 858 Ap.
262 788 343 844 lulius
364 789 429 846 Sila·
462 791 490 849 Ρ.
502 793 581 848 Silius
592 793 677 850 Nerua
722 797 974 858 Silvanusetllerva
999 717 1108 858 addid:
1121 803 1215 860 etPiso

228 889 278 927 uus

134 957 168 1012 Si
195 957 223 1012 G.
232 957 365 1057 Rubellius
380 960 429 1016 Ge·
464 961 591 1063 Cllpfius
609 965 696 1022 stile·
724 969 887 1026 Geminiduc
999 973 1234 1030 SilanusetNerua

227 1061 314 1100 munus
494 1065 580 1104 munus

134 1127 169 1184 36
194 1129 363 1186 Minucius
463 1134 490 1190 0.
508 1135 612 1234 Cresius
628 1137 696 1192 Lon·
722 1141 805 1196 liuius
818 1142 971 1200 etEubellio
999 1143 1124 1244 Geminus
1152 1152 1179 1202 et
1202 1147 1252 1202 Ge·

133 1298 168 1354 37
194 1299 251 1354 tib.
260 1301 290 1355 V.
463 1237 579 1360 Sei‘anidd:¹
723 1313 972 1386 ViniciusetLougi·
997 1247 1123 1370 Ruddduest
1136 1316 1250 1372 Rubelli·

754 1415 802 1452 nus
817 1397 921 1454 Cassius
1030 1417 1080 1455 nus

591 1717 620 1782 N
635 1717 660 1782 0
676 1718 701 1782 T
716 1718 744 1782 A
758 1717 791 1786 Ε.

344 1833 389 1886 ιι)
405 1832 585 1888 nxonneun
602 1831 853 1888 oosemnuuou
869 1831 1042 1887 mutuom.

181 1967 212 2022 ln
224 1968 264 2022 his
276 1985 342 2024 coss.
353 1971 459 2040 paribus
470 1972 596 2026 nonnulla
606 1976 668 2026 suut
679 1971 857 2026 obseruatione
870 1970 956 2040 digna.

181 2054 212 2108 ln
223 2073 259 2108 rr.
271 2054 431 2126 Epiphanius
441 2057 563 2112 Pisonem
574 2059 603 2114 ιι.
615 2059 748 2111 consulem
758 2055 892 2121 adscribit,
905 2055 973 2126 quod
985 2072 1068 2126 neque
1080 2055 1106 2108 in
1116 2053 1269 2126 Capitolinis

113 2156 199 2210 neque
215 2140 243 2194 in
260 2139 355 2194 Siculis
373 2142 488 2196 additum
504 2148 556 2208 est;
571 2143 616 2198 sed
631 2143 664 2196 ad
681 2143 759 2198 Cnaei
775 2143 902 2196 duntaxat
916 2141 1017 2194 Pisonis
1035 2141 1209 2206 consulatum,
1226 2143 1271 2212 qui

114 2241 185 2280 anno
197 2225 269 2280 urbis
281 2242 418 2284 ncoxuvur.
431 2230 558 2284 convenit.
581 2230 618 2282 Ac
629 2228 729 2282 uidetur
741 2245 774 2282 ex
786 2245 816 2282 eo
828 2233 905 2282 natus
917 2243 986 2280 error
997 2227 1066 2298 quod
1079 2227 1142 2280 alter
1155 2226 1270 2280 eiusdem

113 2312 228 2366 nominis
240 2310 268 2366 L.
281 2311 435 2384 Calpurnius
446 2313 506 2368 Piso
519 2314 677 2370 Caesoninus
689 2331 757 2370 anno
769 2313 800 2368 U.
812 2313 840 2367 C.
853 2329 997 2369 nooxrrm.
1009 2311 1094 2367 inerit.
1123 2311 1174 2367 Sed
1185 2313 1229 2366 illc
1240 2313 1269 2368 L.

112 2397 199 2464 filius,
210 2403 296 2454 noster
307 2397 418 2452 hisvero
431 2399 511 2454 Gnaei
522 2400 621 2456 dicitur.

182 2485 213 2538 ln
228 2503 273 2540 rm
290 2486 426 2540 consulatu
440 2502 575 2556 perperam
590 2487 660 2558 apud
676 2485 849 2558 Epiphaniam
863 2484 891 2538 L.
908 2483 1001 2538 Caesar
1017 2502 1063 2555 pro
1079 2483 1140 2538 Caio
1156 2484 1271 2554 positum

113 2575 161 2626 eat
186 2569 252 2624 Nam
263 2570 358 2626 Lucius
370 2572 426 2626 eius
437 2571 516 2626 frater
527 2588 580 2630 cos.
593 2572 756 2644 designatus,
765 2577 910 2642 ¹antequam
924 2572 1105 2642 magistratum
1119 2569 1208 2634 iniret,
1226 2587 1270 2622 cx-

113 2657 211 2711 tinctus
223 2662 271 2710 est

182 2743 212 2796 ln
224 2761 250 2796 x.
263 2741 334 2796 saco
345 2741 426 2798 Siculi
437 2749 463 2798 et
473 2742 633 2815 Epiphanius
645 2743 748 2798 Aelium
760 2741 853 2796 Catum
865 2746 891 2794 et
899 2740 1067 2794 Saturninum
1076 2740 1270 2810 praeterierunt.

113 2827 165 2880 Sed
183 2833 210 2880 et
226 2827 320 2880 trustra
336 2829 405 2899 apud
421 2828 594 2900 Epiphaniam
609 2830 721 2902 Magnus
740 2828 878 2898 Pompeius
899 2843 956 2880 cum
976 2825 1078 2879 Valerio
1099 2825 1270 2896 componitur.

112 2913 173 2968 Fuit
185 2913 256 2966 enim
267 2914 290 2966 is
302 2911 385 2968 Cinna
396 2915 521 2985 Magnus,
533 2932 586 2968 non
597 2913 744 2986 Pompeius.

181 2999 212 3052 ln
230 3016 275 3052 ιιι.
287 2999 378 3052 uitium
394 2999 496 3070 irrepsit
511 3001 607 3070 partim
623 3016 657 3052 ex
673 2997 780 3054 suffecto
798 3015 850 3053 cos.
866 2999 951 3052 Atteio
968 2995 1103 3068 Capitone,
1124 2998 1219 3070 partim
1236 3014 1271 3054 ex

113 3083 253 3138 consulatu
263 3102 318 3140 arr.
348 3083 414 3138 Com
430 3085 500 3138 enim
513 3101 581 3138 anno
598 3083 674 3138 Urbis
685 3099 820 3140 ucenxvm
833 3084 1020 3150 cossiueruut
1029 3083 1146 3136 Tiberius
1163 3102 1192 3140 u.
1205 3088 1231 3138 et
1242 3083 1270 3138 C.

112 3169 237 3224 Fonteius
250 3169 353 3240 Capito,
368 3187 437 3224 anno
448 3187 508 3226 vero
520 3185 629 3225 noctua.
645 3170 768 3226 suffectus
783 3171 861 3226 fuerit
876 3171 980 3241 Capito,
997 3169 1043 3240 qui
1052 3168 1144 3222 Festos
1157 3169 1269 3224 Graecos
1312 3215 1317 3232 ,

113 3254 295 3319 condiderunt,
307 3254 459 3326 Capitonem
470 3273 517 3327 pro
530 3256 658 3312 ordinario
669 3265 835 3310 numerantes
847 3273 906 3310 cum
917 3256 973 3310 tib.
987 3255 1097 3310 Caesare
1108 3256 1268 3326 copularunt.

179 3341 209 3394 lu
215 3357 270 3394 m.
280 3342 415 3396 consulstu
420 3341 492 3396 Fasti
500 3341 718 3396 Siculiliberium
724 3341 859 3396 Caesarem
867 3361 896 3398 ιι.
906 3347 932 3396 et
940 3340 1090 3413 Scipionem
1099 3341 1269 3406 committunt,

112 3425 273 3497 Epiphanius
284 3425 406 3482 Flaccum
421 3432 448 3480 et
461 3426 591 3498 Silenum,
609 3428 654 3498 qui
671 3444 728 3482 esse
744 3428 833 3482 debuit
848 3427 997 3482 consulatus
1010 3445 1095 3492 xxm,
1112 3441 1180 3480 anno
1192 3425 1268 3480 Urbis

112 3527 250 3568 uocum.
272 3511 344 3566 ldens
355 3511 513 3582 Epiphanius
525 3513 664 3568 Sextomm
680 3514 789 3568 duorum
804 3513 943 3584 collegium
960 3517 1122 3566 antevertens
1139 3517 1268 3584 expuncto

112 3597 170 3652 Silii
180 3603 208 3652 et
217 3597 307 3650 Planci
322 3598 459 3651 comulstu
475 3598 602 3652 decimum
618 3599 738 3670 quintum
752 3615 768 3652 a
783 3615 850 3654 coss.
862 3599 981 3670 Augusto
992 3617 1050 3654 1111.
1064 3603 1090 3652 et
1101 3597 1188 3652 Silano
1202 3613 1269 3650 coss.

112 3684 186 3754 ponit
197 3683 362 3736 consulatum
372 3682 459 3748 illum,
475 3699 536 3738 eunt
547 3702 668 3740 xs1.esse
680 3684 803 3738 debuerit
826 3684 893 3738 Tum
904 3703 957 3740 xer.
968 3683 1033 3739 iacit
1046 3683 1198 3754 Pompeium
1213 3681 1269 3735 Ma-

112 3785 194 3839 gnum
211 3767 399 3838 ethpuleium,
415 3769 461 3838 qui
477 3784 537 3824 cum
552 3771 726 3841 superioribus
742 3769 820 3824 iidem
835 3785 891 3823 esse
902 3768 1029 3825 uidentur.
1054 3768 1120 3824 Nam
1136 3785 1150 3820 c
1168 3765 1269 3821 duobus

112 3855 200 3908 Sextis
216 3853 280 3908 altar
290 3852 430 3924 Pompeius
441 3851 542 3924 Nepos,
559 3855 623 3910 alter
633 3856 758 3927 Apuleius
769 3853 855 3926 Nepos
871 3855 1014 3926 appellatus
1031 3860 1078 3908 est.
1110 3851 1184 3916 Quod
1200 3850 1269 3906 idem

112 3940 204 3996 vitium
215 3940 243 3994 iu
253 3937 339 3992 Fastis
350 3937 444 3992 Siculis
455 3941 575 3996 cernitur.

177 4024 209 4079 ln
222 4041 287 4080 nu.
298 4039 345 4095 pro
358 4023 454 4078 Brutus
465 4025 534 4096 apud
544 4025 635 4097 Epiph.
647 4031 674 4080 et
684 4025 784 4082 Siculos
795 4025 888 4082 Faetus
899 4025 982 4080 scribe
993 4025 1101 4078 Drusus.

177 4109 307 4180 Deinceps
319 4125 401 4180 usque
412 4110 446 4163 sd
456 4127 556 4166 xxxvu.
569 4113 732 4166 consulatum
744 4112 815 4167 Fasti
826 4113 906 4168 Siculi
917 4128 969 4165 uno
984 4127 1051 4164 anuo
1067 4107 1192 4164 tardiores
1208 4114 1270 4164 sunt

112 4211 191 4266 quam
202 4193 362 4266 Epiphanius
374 4199 401 4248 et
411 4193 558 4265 Capitolini.
580 4195 647 4250 Puta
657 4197 772 4254 Tamum
788 4203 813 4252 et
826 4197 954 4252 Libonem
970 4197 998 4250 iu
1013 4200 1103 4250 nostra
1119 4196 1185 4250 serie
1196 4215 1268 4252 xxuu.

113 4281 252 4345 seducant,
265 4297 343 4352 quem
354 4281 431 4336 ambo
443 4281 488 4336 isti
496 4299 585 4348 unu,
602 4283 676 4336 etita
687 4283 815 4356 deinceps.
838 4283 917 4338 Cuius
930 4299 962 4337 ea
973 4287 1066 4336 caussa
1077 4285 1118 4334 est
1129 4282 1198 4352 qnod
1209 4281 1267 4353 Epi-

113 4364 222 4436 phanius
239 4381 300 4418 cum
315 4365 410 4420 extrito
426 4383 478 4420 uno
495 4367 630 4422 consulum
641 4369 711 4440 pari,
727 4370 849 4424 ιιίιιιίιιιιι
864 4369 927 4422 anni
938 4368 1014 4423 Urbis
1027 4382 1156 4434 nocuas,
1172 4367 1269 4422 liberii

114 4450 184 4508 Cres.
196 4457 224 4506 et
233 4450 336 4506 Fonteii
347 4450 493 4524 Capitonis,
505 4452 646 4508 Sextorum
656 4454 766 4509 duorum
777 4456 940 4510 consulatum
951 4455 1131 4526 anticipasset,
1143 4470 1211 4534 anuo
1221 4451 1268 4506 Ur·

114 4535 151 4592 bis
162 4553 303 4603 soonam,
319 4537 364 4608 qui
380 4539 499 4609 sequenti
514 4540 689 4611 competebat,
704 4539 764 4594 huic
780 4540 829 4613 ipsi
841 4554 976 4600 neouxvn.
993 4539 1145 4616 Pompeium
1161 4543 1188 4594 et
1198 4539 1268 4612 Apu·
