3126 5046
311 341 413 398 CCXVI

309 499 433 568 simisque
445 497 588 551 rationibus
600 497 729 551 evertitur.
763 495 815 551 Sed
826 501 955 568 repugnat
965 511 1026 568 prae
1038 495 1144 550 cumnis
1159 497 1315 566 musalms
1330 495 1359 551 8.
1370 495 1462 550 laenis

310 583 465 638 sanctissimi
476 582 606 653 pontilicis
618 584 770 648 auctoritas,
788 584 832 654 qui
849 583 915 636 hanc
930 581 1133 653 profitendarum
1150 583 1254 653 publice
1265 582 1392 636 scelerum
1403 597 1462 634 eou-

309 668 472 723 suetudiusm
491 675 614 739 tauquam
635 669 791 739 apostolicas
811 669 916 738 regulae
937 668 1091 722 contrariam
1111 669 1241 740 improbat
1257 667 1375 738 Epistola
1385 683 1462 722 um.

309 771 365 826 cap.
378 753 402 807 i.
438 752 516 806 (iuius
528 754 606 806 rerba
617 753 658 806 hio
671 754 775 806 omuino
788 753 955 807 describenda
966 759 1034 807 sunt.
1069 755 1158 818 Illam,
1174 755 1271 823 inquit,
1287 758 1363 805 etiam
1376 761 1463 805 sonan

310 841 475 910 apostolicam
490 840 602 907 reperiam
615 843 856 910 praesumptionem,
874 857 948 909 quarn
965 856 1045 908 isuper
1062 843 1154 908 apnoci
1172 859 1188 891 a
1206 839 1354 909 quibasdam
1370 839 1463 890 wetti

309 928 472 995 usurpatione
484 929 611 988 committi,
627 927 706 978 modis
717 925 827 978 omnibus
839 927 959 978 constituo
970 925 1111 976 submoueri
1121 925 1164 985 (de
1171 927 1328 994 pocmtcnts'a
1340 923 1463 986 uidelicet,

310 1028 374 1080 quae
386 1015 422 1062 ita
435 1029 452 1061 a
458 1011 576 1079 fidelibus
584 1012 752 1080 postulatur),
770 1027 800 1061 ne
813 1011 844 1061 de
859 1011 1012 1078 sirspnlorum
1020 1017 1182 1079 peccatorum
1193 1025 1286 1078 penere
1296 1009 1391 1061 libellis
1400 1012 1463 1060 scri·

305 1107 355 1166 pta
365 1099 487 1165 professio
494 1095 596 1164 publice
607 1100 734 1158 recitetur,
749 1111 802 1146 cum
815 1106 901 1148 reatus
916 1099 1125 1147 conscientiarum
1140 1097 1256 1164 sufficiat
1269 1096 1331 1147 solis
1346 1095 1464 1146 sacerdo·

311 1181 407 1234 dotibus
418 1182 535 1232 indicari
546 1184 698 1250 consessione
709 1189 816 1232 secreta.
853 1181 974 1242 Quamm's
990 1185 1055 1233 enim
1066 1181 1197 1250 plenitudo
1203 1182 1269 1250 fidei
1278 1181 1399 1232 rideatur
1412 1195 1464 1233 esse

310 1267 455 1329 laudanda,
472 1283 535 1334 quae
547 1274 654 1335 propter
665 1267 707 1317 dei
718 1269 828 1318 timorem
841 1268 912 1335 apud
922 1265 1031 1318 borsines
1043 1266 1187 1318 erubescere
1199 1283 1247 1318 mors
1258 1275 1367 1329 aerem,
1383 1273 1465 1316 mnes

309 1356 368 1420 quia
381 1369 428 1402 nou
440 1353 546 1402 omnium
558 1351 699 1402 huiusmodi
709 1360 766 1402 sunt
772 1359 884 1421 peccata
890 1390 898 1414 ,
915 1361 942 1403 ut
957 1369 987 1403 ea
994 1390 1001 1414 ,
1018 1369 1083 1419 prae
1090 1354 1271 1419 poenitentiaea
1279 1359 1402 1419 poscam,
1417 1367 1465 1402 reos

310 1440 414 1489 timeant
416 1435 563 1506 publicare,
572 1445 730 1488 remoueatur
739 1445 789 1488 tam
799 1437 972 1506 improbabilis
981 1437 1143 1499 conmetudo,
1152 1453 1183 1488 ne
1191 1437 1263 1488 multi
1271 1455 1288 1488 a
1293 1439 1465 1506 poemtsntias

309 1523 427 1574 remediis
439 1531 584 1584 arceantur,
597 1523 654 1573 dum
666 1531 712 1572 aut
722 1523 880 1585 erubescunt,
898 1531 943 1574 aut
958 1530 1069 1574 metuunt
1077 1523 1188 1574 inimicis
1199 1524 1331 1589 suasacta
1343 1523 1465 1582 mari,

310 1607 396 1678 quibus
403 1609 502 1676 possint
512 1609 590 1675 ispum
604 1611 776 1659 constitutione
783 1593 899 1676 percelli.
933 1606 1034 1676 Sufficit
1044 1609 1108 1658 enias
1119 1607 1167 1658 itta
1183 1609 1316 1674 consessio,
1333 1621 1399 1674 quas
1409 1609 1464 1674 pri·

310 1711 373 1744 mum
386 1694 430 1744 deo
442 1695 555 1761 offertur,
566 1699 615 1743 tum
628 1697 703 1744 etiam
715 1693 856 1756 sacerdoti,
873 1695 916 1762 qui
928 1709 977 1761 pro
995 1693 1094 1744 delictis
1106 1696 1276 1761 poenitentum
1287 1699 1412 1760 praem
1423 1705 1465 1742 ae·

312 1779 386 1832 cedit.
420 1777 465 1829 liis
486 1777 622 1830 uerborum
640 1777 876 1846 sententiarumque
900 1777 1051 1830 tulminibns
1071 1783 1246 1830 commentum
1264 1775 1329 1828 illud
1348 1775 1466 1846 publicae

311 1862 481 1916 confessionis
493 1863 645 1932 percellitur.
681 1862 709 1915 Si
722 1863 790 1915 euim
802 1879 834 1914 ue
846 1861 992 1915 solentibus
1005 1861 1108 1931 quidem
1120 1867 1197 1932 atque
1208 1862 1275 1915 ultro
1286 1859 1465 1932 flagitantibus

310 1949 446 2002 criminum
463 1949 513 2001 reis
530 1949 630 2018 publice
647 1949 697 2000 ista
714 1949 878 2017 pronunciari
894 1963 987 2017 passus
1005 1953 1055 2011 est,
1072 1961 1181 2016 eamque
1198 1956 1288 2000 conon
1303 1947 1466 2000 mediocrem

277 2067 285 2084 .
311 2035 475 2104 apostolicum
484 2037 710 2102 praesumptionem
722 2049 779 2085 esse
797 2033 898 2097 definit,
915 2037 987 2085 estne
1002 2039 1032 2085 ut
1048 2033 1170 2086 relectum
1188 2033 1387 2086 addemnatam
1402 2031 1466 2085 tanti

310 2117 439 2190 pontificis
456 2118 550 2171 iudicio
565 2131 663 2171 morem
679 2117 824 2188 legitimum
841 2118 980 2188 aliquando
998 2117 1079 2171 fuisse
1096 2121 1215 2188 putemne
1238 2123 1265 2170 et
1281 2119 1416 2172 communi
1432 2118 1463 2170 ab

312 2204 793 2256 omuibussoclesineiureeerratumt
826 2204 929 2256 Ateuim
940 2204 1055 2273 plerique
1067 2204 1104 2256 sic
1115 2203 1283 2273 respondent:
1309 2203 1425 2256 Leonem
1435 2203 1464 2256 de
1555 2247 1556 2260 ,

311 2289 417 2342 occultis
435 2288 561 2340 duntaxat
578 2287 727 2340 crimintbus
745 2289 829 2358 loqui,
847 2305 913 2358 quae
926 2289 1026 2358 publice
1043 2287 1159 2342 confiteri
1174 2305 1250 2342 nemo
1266 2289 1398 2352 debuerit,
1414 2305 1464 2341 non

311 2380 397 2426 autem
415 2373 445 2426 do
462 2373 585 2443 publicis,
603 2389 668 2444 quae
680 2374 757 2426 unice
769 2375 887 2444 publicae
900 2373 1069 2427 confessionis
1082 2389 1158 2443 seges
1170 2373 1263 2426 extitit
1297 2371 1464 2426 Commodius

310 2460 354 2513 isti
371 2475 447 2523 sane,
466 2459 510 2528 qui
527 2459 560 2511 sb
576 2457 624 2510 bac
641 2458 737 2528 publici
749 2459 806 2529 lege
819 2459 949 2512 dedecoris
962 2459 1063 2512 occulta
1074 2459 1167 2512 saltem
1184 2459 1328 2528 excipiunt:
1348 2459 1418 2528 quod
1433 2473 1464 2512 us

310 2545 354 2598 alii
371 2544 474 2615 quidem
492 2545 633 2596 remittunt
667 2541 781 2607 Quorum
799 2545 924 2597 nonnulis
941 2545 1072 2597 temeritas
1083 2543 1226 2597 Tridentini
1243 2543 1348 2598 concilii
1359 2559 1423 2598 voce
1436 2559 1464 2596 aa

311 2631 412 2683 decreto
424 2635 536 2684 notatur.
563 2627 664 2682 Etenim
677 2628 746 2683 Sese.
756 2648 809 2683 nir.
821 2646 909 2700 capr.
922 2645 981 2682 cum
993 2629 1124 2682 docuisset
1135 2629 1263 2699 publicam
1274 2627 1465 2683 contessionem
1554 2651 1555 2708 γ

311 2717 377 2768 nullo
389 2717 473 2768 dirimo
481 2724 620 2785 praecepto
632 2715 780 2767 inundatum
791 2715 885 2780 fuisso,
897 2717 985 2768 statim
997 2714 1096 2780 adiicit,
1109 2731 1154 2767 nec
1163 2719 1228 2766 satas
1236 2715 1348 2767 coruulte
1356 2714 1465 2768 huosa
1554 2711 1555 2714 '

312 2803 398 2870 aliqua
407 2803 460 2870 lepe
465 2804 668 2872 praeciperetur,
681 2811 708 2852 ut
717 2801 822 2864 delicta,
830 2805 1102 2870 praesentassemus,
1109 2799 1215 2868 publica
1225 2807 1305 2851 essem
1313 2803 1466 2868 consumans

311 2887 459 2957 aperienda.
494 2885 614 2938 Divinum
627 2901 731 2955 prorsus
744 2901 773 2938 ac
784 2891 857 2938 tauto
870 2901 994 2938 consessu
1005 2885 1113 2954 dignum
1131 2885 1277 2949 oraculum,
1293 2901 1327 2937 ex
1346 2899 1400 2956 quo
1416 2901 1465 2938 uon

311 2971 387 3026 modo
400 2969 430 3023 ds
443 2977 599 3022 secretorum
611 2971 759 3033 cuminum,
771 2971 816 3023 sed
829 2971 906 3024 etium
919 2971 1080 3041 publicorum
1092 2970 1196 3040 publica
1207 2969 1369 3040 professione
1380 2971 1464 3042 colligi

310 3063 396 3128 potest
406 3055 478 3108 nulla
488 3070 603 3124 unquam
615 3055 739 3120 bumana,
751 3054 800 3108 hoo
812 3061 852 3108 eet
863 3057 1038 3109 ecclesiastica
1048 3056 1118 3125 lege,
1136 3071 1215 3125 quam
1230 3055 1317 3110 divino
1328 3062 1463 3128 praecepto

311 3141 452 3195 Tridentini
463 3145 549 3209 patres
562 3147 706 3210 opponunt,
723 3141 915 3210 poenitentibus
931 3141 1078 3212 impositam
1094 3139 1187 3204 tuisse,
1203 3157 1232 3194 ac
1250 3157 1283 3194 ne
1298 3141 1400 3212 imponi
1411 3143 1463 3212 qui·
1553 3143 1554 3156 ¹

260 3233 268 3250 ¹
312 3225 370 3279 dem
381 3225 518 3296 prudenter
529 3227 651 3294 potuisse.
687 3225 820 3296 Siquidem
831 3243 882 3280 vox
899 3227 943 3280 illa
950 3229 1101 3296 messmam
1113 3223 1179 3279 banc
1190 3224 1269 3278 habet
1279 3227 1348 3290 vina,
1365 3233 1397 3280 ut
1411 3243 1463 3280 cae-

311 3316 367 3364 tera
379 3325 481 3380 quoqne
493 3326 584 3380 parum
593 3311 709 3364 consults
718 3311 882 3381 pronunciari
891 3317 1050 3376 censeantur,
1062 3311 1177 3381 adeoque
1187 3327 1252 3381 quae
1261 3311 1292 3364 de
1301 3311 1354 3365 iliis
1363 3313 1463 3383 publiea

313 3394 464 3449 confitendis
475 3395 528 3448 leta
538 3395 614 3447 luerit
625 3397 667 3448 lex
680 3396 825 3448 inconsulta
837 3398 870 3449 sit
881 3397 1039 3466 minimeque
1049 3396 1173 3466 prudeus,
1189 3397 1238 3449 etei
1254 3397 1335 3449 altera
1352 3413 1420 3467 quaa
1435 3397 1463 3450 ds

312 3482 417 3534 secretis
429 3480 497 3532 idem
509 3487 643 3546 statueret,
655 3481 804 3550 prudentiae
816 3483 901 3534 minus
912 3481 1014 3534 habeat.
1043 3483 1157 3551 Apparet
1167 3483 1247 3551 igitur
1257 3497 1291 3535 ox
1303 3481 1463 3537 Tridentino·

311 3583 368 3620 rum
380 3565 428 3619 PP.
445 3581 522 3617 seusu
539 3566 637 3618 nullam
655 3583 768 3635 nuquam
786 3565 931 3620 istiusmodi
949 3568 1033 3636 legem
1051 3567 1182 3632 extitisse,
1200 3583 1266 3636 quae
1283 3567 1316 3620 ad
1334 3569 1463 3638 publicam
1552 3569 1553 3602 ³

312 3666 523 3722 quoruncumque
534 3655 695 3720 peccatorum
708 3651 897 3704 contessionem
909 3653 1070 3722 poenitentes
1082 3649 1259 3722 maringeret.
1277 3651 1363 3716 Quare
1372 3653 1462 3708 Leonis

312 3737 390 3792 otiam
402 3735 531 3789 decretum
543 3735 576 3788 ad
588 3737 675 3788 omnis
688 3741 851 3806 peecatorum
868 3753 963 3808 genere
978 3738 1096 3808 pertinet
1131 3737 1214 3806 Atque
1225 3737 1267 3790 rel
1284 3755 1317 3791 ex
1333 3753 1379 3804 eo,
1397 3737 1462 3812 quod

311 3823 386 3877 lateri
396 3822 440 3874 isti
452 3827 587 3890 coguntur,
603 3821 707 3890 publica
722 3823 807 3874 solum
824 3822 931 3875 crimine
942 3821 1088 3876 confitenda
1099 3821 1191 3886 luisse,
1208 3839 1261 3875 non
1278 3825 1395 3888 soruba,
1410 3824 1463 3878 nul·

312 3909 365 3962 lam
376 3907 480 3961 omuino
493 3905 680 3960 contessionem
689 3907 819 3976 publicans
830 3907 888 3976 legs
898 3909 1064 3961 constitutam
1074 3923 1130 3960 esee
1140 3905 1298 3960 validissime
1306 3909 1462 3978 probabitur.

312 3993 413 4047 Etenim
426 4007 485 4046 cum
501 3992 533 4044 ob
550 3991 668 4060 graeima
685 3991 812 4044 duntaxat
827 3999 852 4044 et
867 3995 986 4063 capitalis
1002 3994 1099 4046 scelera
1110 3992 1267 4062 poenitentis
1278 3993 1383 4062 publiea
1394 4009 1462 4064 pree·
1551 4001 1552 4010 ¹

314 4079 465 4149 scriptasit,
478 4078 522 4147 qui
533 4075 595 4128 haec
606 4076 708 4145 publice
720 4078 891 4147 omnibusque
901 4079 1010 4131 consciis
1019 4077 1177 4141 admisisset,
1190 4092 1248 4130 oum
1260 4078 1364 4148 publice
1375 4085 1461 4150 poema

314 4165 465 4232 poeniteret,
482 4161 543 4232 quid
559 4175 590 4214 ea
606 4159 720 4213 confiteri
732 4179 836 4215 necesse
849 4163 947 4227 habuit,
966 4169 1010 4216 aut
1021 4164 1065 4233 qui
1076 4162 1179 4216 taudem
1191 4163 1217 4215 in
1229 4163 1280 4216 illis
1292 4163 1397 4234 publice
1407 4179 1460 4234 pro·

314 4247 415 4301 titendis
427 4247 508 4318 pudor
520 4262 549 4299 ec
561 4245 728 4309 verecundia,
745 4247 788 4299 oui
798 4247 824 4299 in
837 4247 986 4317 abroganda
997 4247 1159 4301 confessione
1171 4247 1304 4301 Nectarius
1316 4249 1460 4302 consultum

315 4345 371 4385 sese
383 4333 514 4386 soluerat?
547 4330 664 4395 Queritur
677 4329 834 4385 Sosornsuus
851 4333 953 4386 sublato
964 4331 1013 4386 hoo
1028 4334 1098 4404 ipso,
1116 4333 1286 4403 quodcunque
1297 4335 1402 4388 tandem
1413 4331 1458 4386 tte

316 4418 409 4471 otarius
421 4418 575 4486 antiquavit,
586 4417 656 4469 velut
666 4415 753 4469 lrasuo
766 4417 877 4487 quodam
888 4418 1014 4483 daumio,
1025 4419 1150 4472 maiorem
1159 4419 1192 4472 sd
1201 4435 1277 4472 omne
1288 4421 1373 4473 scelus
1384 4421 1458 4473 lieen-

315 4503 378 4554 tiam
390 4499 505 4553 homines
516 4500 649 4564 habuisse,
666 4517 725 4554 cum
740 4511 799 4554 ante
811 4505 852 4568 τῆς
864 4501 1004 4572 disperiise
1018 4511 1101 4556 metue
1112 4503 1170 4558 illos
1182 4519 1213 4557 ao
1225 4505 1380 4558 uerecundia
1390 4503 1457 4557 ooir·

317 4589 392 4638 oeret.
426 4581 512 4636 Nostri
522 4581 571 4637 hoo
583 4583 615 4636 sd
625 4584 756 4654 publicam
767 4585 955 4641 contessionem
965 4589 1131 4642 transierunt
1165 4589 1206 4654 Si,
1222 4595 1253 4643 ut
1263 4590 1367 4656 solunt,
1378 4587 1456 4660 publi·
