3166 5044
128 481 273 552 Sicyonem
284 479 455 551 expugnarit.
483 477 578 550 Goepit
593 482 681 532 autem
692 477 887 548 Agumemuon,
902 483 933 532 ut
948 477 1040 532 codem
1050 492 1119 530 euno
1131 475 1239 532 desiisse
1249 475 1299 532 tin·
1329 517 1333 525 .

129 583 240 638 gemus,
258 583 309 638 quo
322 567 400 620 Troia
411 570 453 618 est
464 565 564 629 ιιιίιι,
581 581 635 635 per.
646 564 694 618 Iul.
706 563 794 630 3516,
811 563 903 618 mundi
914 562 997 628 2786,
1014 568 1075 636 post
1089 561 1213 616 diluvium
1225 561 1298 618 1130.

129 653 216 718 Quare
227 653 252 706 si
263 669 332 706 anno
343 652 420 722 regni
429 651 515 722 primo
526 650 693 720 Zeuxippum
703 649 779 715 vicit,
797 665 828 703 sc
843 649 922 720 primi
936 650 975 704 illi
989 665 1083 719 regum
1094 647 1158 702 euni
1167 649 1300 704 terminati

129 740 198 804 sint,
215 738 404 792 affirmandum
413 743 453 790 ost
463 736 647 806 Sicyoniorum
656 736 796 806 imperium
806 735 896 790 iniisse
911 751 980 790 anuo
991 741 1052 806 post
1062 734 1188 788 dilnvium
1199 735 1300 790 circiter

129 841 229 894 cum,
241 825 320 895 paulo
332 829 394 895 post
403 822 572 892 Assyriorum
583 819 727 876 exordium.
756 819 796 874 Iis
806 821 904 874 ieisum
915 821 976 886 erit,
993 821 1063 892 quod
1073 821 1203 876 Eusebius
1214 823 1299 892 operis

129 912 205 966 initio
216 910 351 981 praefixit,
364 914 450 973 ortum
458 923 517 962 esse
525 906 699 978 patriarcham
707 907 818 978 Europis
830 923 900 960 enno
911 923 988 972 ιιιι,,
999 907 1045 978 qni
1053 913 1093 960 est
1101 907 1134 961 ιδ
1142 908 1217 961 initio
1225 909 1300 977 regni

130 996 248 1066 Sicyonii
264 1013 358 1050 nxxrv:
388 1010 450 1048 nasu
470 999 574 1048 centum
590 1009 671 1065 propo
688 1007 720 1047 ao
734 993 843 1064 triginta
858 993 921 1047 anui
936 994 1004 1048 inier
1018 997 1158 1064 utramque
1175 991 1300 1064 speciem
1406 1041 1408 1048 ,

128 1083 257 1136 interiecti
268 1085 337 1135 suut.

198 1167 245 1220 Καὶ
261 1161 290 1233 ἦν
308 1170 350 1234 τῆς
366 1169 410 1218 τοῦ
426 1166 522 1236 κόσμου
539 1164 698 1234 sarabodis]
727 1163 758 1218 In
773 1164 907 1235 superiore
922 1179 1032 1218 numero
1048 1165 1083 1218 ab
1098 1165 1169 1218 orbis
1179 1165 1254 1220 initio
1266 1165 1299 1218 ad

131 1251 242 1320 ιδιοσιὴι
259 1252 341 1322 γενεὰν
359 1253 513 1306 numerabat
528 1266 612 1306 annos
627 1249 707 1304 3332:
730 1251 772 1304 cni
788 1265 907 1304 summae
924 1250 990 1304 duos
1006 1255 1033 1304 et
1047 1250 1155 1320 ιιίςίιιι
1166 1251 1255 1304 deesse
1267 1251 1300 1304 sd

130 1357 183 1394 ιιι
199 1339 342 1394 Seniorum
357 1337 493 1392 ratiocinia
506 1338 667 1390 monuimus.
697 1336 827 1390 Vicesime
842 1332 926 1407 γενιὲ,
943 1337 1005 1407 quis
1016 1335 1117 1390 Geinnn
1132 1336 1300 1407 comprehen-

131 1426 212 1490 ditur,
230 1430 272 1478 eet
286 1423 371 1479 There
389 1429 473 1488 ortus,
491 1423 616 1476 Abresmi
630 1438 691 1475 uero
709 1439 763 1475 ιιι.
798 1421 839 1476 Ad
854 1421 923 1476 hauc
939 1422 1002 1476 anui
1018 1427 1080 1476 sunt
1095 1439 1130 1476 ιι
1146 1439 1208 1476 ιιι.
1224 1421 1301 1487 3434,

129 1527 224 1582 nempe
235 1510 331 1564 edditis
341 1507 427 1563 Thurs
438 1509 620 1580 septuaginta,
637 1513 702 1578 quot
713 1512 769 1560 eret
779 1512 858 1562 uetus
864 1547 872 1574 ,
893 1523 953 1562 cum
963 1507 1124 1562 Abreemum
1135 1508 1233 1578 genuit.
1261 1508 1302 1561 Ad

130 1597 256 1650 Abrumi
271 1611 350 1666 porro
366 1595 590 1648 circumcisionem
605 1594 668 1646 anni
683 1591 818 1646 finxerunt
827 1591 904 1646 3532.
932 1593 1012 1662 Atqui
1021 1592 1182 1664 Epiphanius
1194 1594 1227 1646 ιδ
1239 1595 1301 1648 οιδι

131 1681 236 1736 condito
248 1681 282 1736 ed
292 1681 418 1734 sommi
430 1695 479 1746 xc,
496 1695 549 1750 qno
560 1677 766 1732 circumcisionis
777 1683 945 1748 praeceptum
956 1677 1054 1731 editum
1065 1684 1106 1732 est
1116 1684 1144 1732 st
1152 1679 1301 1732 Iudaismus

131 1767 262 1838 occoepit,
283 1765 390 1820 nonnisi
405 1765 473 1820 3432
489 1781 572 1818 anuos
589 1769 732 1819 enumeret.
766 1763 820 1816 dut
834 1763 916 1832 igitur
931 1764 1078 1816 ιιιτακόσια
1092 1780 1140 1834 pro
1156 1765 1301 1834 τετρακόσια

130 1851 321 1907 restituendum
333 1858 386 1905 est:
405 1856 451 1904 ant
468 1855 536 1904 certe
552 1865 683 1903 summam
698 1850 770 1902 illem
787 1865 840 1904 non
852 1848 884 1902 sd
896 1849 980 1902 Ieseci
990 1850 1104 1902 netelsm
1116 1850 1157 1902 vel
1167 1849 1301 1904 circumci-

131 1941 233 1993 sionem
244 1938 382 2002 Abrssrui,
400 1937 446 1990 sed
457 1937 541 2008 ipsius
553 1941 640 2004 ortum
650 1935 774 1990 Abreauei
784 1935 919 2006 perduxit,
935 1933 986 1988 hoc
1002 1941 1043 1990 est
1053 1935 1087 1989 ad
1098 1953 1144 1990 ιιι
1155 1935 1189 1988 ιδ
1200 1934 1300 1988 ddcmo

131 2023 222 2094 γενεάν.
251 2023 307 2084 Hoc
319 2025 342 2076 ei
353 2024 391 2076 its
400 2027 455 2088 eet,
472 2028 529 2076 tum
541 2022 569 2075 iu
579 2022 651 2075 viam
661 2021 765 2075 redierit
775 2019 948 2092 Epiphanius,
966 2027 993 2075 et
1007 2039 1062 2076 ιιι
1078 2020 1133 2074 iere
1147 2021 1206 2075 illos
1218 2035 1300 2074 euuos

130 2110 284 2174 restituerit,
297 2125 362 2179 quoe
375 2123 392 2162 a
403 2109 536 2180 superiore
547 2108 646 2164 cdoulo
657 2108 750 2161 abesse
762 2107 910 2162 docuimusr
922 2107 974 2161 uisi
986 2107 1115 2178 quodtres
1124 2107 1231 2162 omuino
1239 2108 1301 2164 anni

130 2196 321 2261 desiderantur,
339 2195 409 2265 quod
419 2194 518 2248 nullius
530 2199 571 2248 ost
580 2193 714 2248 momenti.

198 2279 337 2350 Σκυθισμδς
355 2280 403 2352 γὰρ
421 2277 470 2332 ἀπὸ
487 2284 531 2332 τοῦ
549 2279 745 2350 κατακλυσμοῦ]
774 2279 814 2333 sd
826 2278 937 2345 Semch,
952 2279 1052 2350 inquii,
1067 2280 1208 2334 etturrim:
1226 2281 1303 2351 quasi

130 2367 295 2437 Babylonica
305 2367 384 2420 turris
396 2365 505 2420 Semchi
515 2371 633 2436 tempore
644 2366 678 2419 eit
689 2369 816 2419 exunctus
845 2364 920 2429 Quod
930 2365 1074 2420 secundnm
1081 2365 1188 2420 Latinos
1199 2367 1303 2420 defendi

130 2459 231 2524 potest,
251 2451 410 2507 Graecorum
425 2469 487 2506 vero
502 2451 647 2506 rationibus
662 2457 801 2522 repugnat.
828 2451 931 2505 Etenim
949 2450 1082 2506 Geneseos
1099 2470 1129 2518 ι,
1145 2451 1185 2506 25.
1216 2453 1303 2508 Heber

130 2538 247 2608 Phaicgo
263 2538 318 2592 filio
334 2555 432 2592 nomen
447 2537 573 2608 imposuit
584 2537 618 2590 ab
630 2542 737 2592 eventu:
764 2537 879 2600 Quodis
895 2538 982 2591 dicbus
999 2541 1053 2592 siae
1069 2539 1155 2591 diviso
1171 2543 1206 2592 eir
1221 2548 1301 2593 terra.

129 2625 187 2678 Hoc
198 2625 293 2696 partim
303 2624 413 2678 Heberis
425 2623 507 2694 ipsius
520 2629 650 2694 tompore,
666 2624 745 2694 paulo
762 2628 823 2676 aute
834 2621 933 2694 Pholeg
951 2628 1037 2678 ortum
1048 2623 1173 2678 eccidisse
1186 2629 1301 2691 censent,

130 2711 229 2780 purtim
240 2711 290 2764 sub
299 2709 410 2781 Phaieg,
423 2715 449 2763 st
459 2714 487 2762 in
499 2711 586 2762 diebos
597 2713 685 2779 ι’ριίιι.
709 2707 760 2773 Qui
769 2709 940 2780 posteriorem
952 2715 1050 2765 sectam
1061 2714 1162 2775 tenent,
1172 2710 1301 2765 Heberem

131 2796 223 2849 dicunt
234 2794 324 2848 afflatu
336 2795 486 2867 prophetico
498 2796 675 2866 praesensisse
684 2794 837 2848 divisionem
845 2796 931 2860 illem,
944 2809 1023 2864 quam
1032 2799 1091 2864 post
1099 2793 1207 2866 Phalogi
1216 2801 1301 2849 ortum

131 2881 278 2952 quamlibet
288 2882 379 2951 longe,
397 2883 503 2953 impune
516 2885 584 2935 certe
596 2885 770 2938 summovent.
798 2881 902 2934 Tertius
920 2878 1061 2950 uPhuiego
1073 2879 1170 2934 Seruoh
1185 2887 1238 2946 est,
1256 2882 1301 2952 qui

130 2985 200 3023 anno
213 2967 283 3038 opud
294 2967 402 3021 Latinos
413 2969 505 3022 eetstis
515 2986 577 3020 ιιι.
586 2966 731 3022 Νιιδοιιιι
740 2966 843 3036 genuit,
855 2982 914 3020 cum
922 2965 1022 3036 Pholeg
1030 2981 1087 3022 xorr
1097 2971 1194 3038 ageret.
1215 2966 1301 3032 Quare

131 3054 181 3107 snb
197 3051 314 3107 Serucho
331 3053 410 3107 turris
428 3053 560 3107 aedificari
575 3053 667 3124 potuit.
695 3051 792 3106 Verum
808 3051 857 3106 hoo
875 3069 929 3106 ιιι
945 3050 1083 3106 deciorum
1097 3053 1234 3108 rstiociuie
1246 3071 1301 3108 non

114 3139 227 3194 ’smne
251 3137 319 3192 Nem
330 3139 364 3192 ιδ
376 3145 435 3192 ortu
446 3137 546 3208 Pbsleg
558 3138 591 3191 sd
602 3136 747 3192 Semchum
759 3137 822 3192 anni
833 3143 895 3191 sunt
905 3139 975 3210 spud
984 3137 1098 3194 Graecos
1110 3150 1208 3195 ocum.
1228 3139 1302 3194 Vixit

136 3230 225 3278 autem
236 3223 337 3295 Pbsiog
348 3239 431 3278 anuos
447 3241 500 3278 nou
512 3225 625 3296 emplius
638 3239 765 3280 οσιιιιι.
792 3223 853 3277 Nou
867 3228 955 3294 potest
969 3225 1050 3294 igitur
1065 3225 1114 3278 sub
1126 3223 1239 3280 Serucio
1255 3241 1301 3279 ex·

132 3311 212 3364 citeta
222 3291 283 3364 sse'e
294 3310 372 3363 turris
385 3311 408 3363 si
420 3311 525 3381 quidem
536 3311 595 3364 rivo
608 3309 830 3380 sdhuonslsgo,
841 3317 866 3361 et
875 3313 903 3362 in
915 3311 1004 3364 diebos
1015 3314 1069 3364 ciue
1080 3312 1164 3366 ἀιδίια
1175 3316 1211 3364 sir
1220 3321 1300 3366 rma.
1325 3324 1347 3366 ι-
1356 3313 1386 3354 ¹⁴

132 3397 191 3451 Ideo
205 3395 339 3456 πλαιυιῶς
350 3395 511 3467 Epiphanius
523 3396 602 3461 dixit,
620 3392 679 3467 ἄχρι
689 3400 734 3448 τοῦ
746 3395 843 3467 πύργου
855 3395 951 3448 καὶτοῦ
963 3395 1073 3467 Σιροδχ;
1086 3396 1147 3466 quia
1157 3397 1302 3452 secundum

133 3485 211 3538 turris
222 3481 431 3536 aedificationem
442 3480 551 3536 beruchi
562 3482 724 3552 temporibus
735 3481 881 3536 idololatris
892 3485 1013 3552 grossete
1024 3487 1072 3537 set.

198 3567 437 3623 Animsdrertenda
453 3573 479 3621 st
495 3566 618 3623 hocloco
635 3573 662 3624 st
676 3567 739 3622 alibi
759 3568 869 3639 sparsim
885 3567 1025 3620 constituta
1044 3567 1113 3638 apud
1128 3567 1302 3639 Epiphaniam

132 3655 267 3725 religionis
283 3669 314 3707 ac
331 3657 461 3707 sectarum
476 3655 633 3725 progressio.
662 3653 791 3724 Principio
809 3653 880 3706 enim
891 3651 1087 3706 Barbarismum
1100 3653 1134 3706 ιδ
1146 3655 1217 3708 οιδίι
1227 3655 1301 3708 initio

134 3740 165 3792 ed
176 3740 305 3794 diluvium
318 3737 462 3794 decurrisse
473 3745 557 3812 putet.
587 3739 650 3792 Inde
666 3739 700 3792 ed
716 3745 803 3794 ortum
818 3735 926 3792 Seruchi
937 3736 1124 3807 Scythismum.
1152 3737 1301 3794 Adsrucbo

134 3825 254 3897 deinceps
265 3825 442 3879 Hellenismus
454 3825 574 3878 obtinuit.
596 3825 665 3878 Tum
675 3824 905 3880 Abresmiaeorum
917 3823 950 3898 ab
959 3823 1089 3877 Abrsemo
1100 3829 1178 3878 secter
1201 3824 1302 3878 Exinde

132 3910 279 3964 Iudaismus
296 3911 329 3963 ιδ
345 3927 413 3964 enno
430 3909 591 3980 patriarchae
607 3925 679 3967 nors.
719 3910 791 3975 Quae
807 3909 913 3981 partitio
932 3909 1049 3963 maxime
1069 3909 1102 3962 ob
1123 3907 1301 3978 Scytbismum

132 3996 264 4050 ientorem
274 4011 318 4048 me
329 4013 383 4049 non
395 3994 482 4050 hebet.
511 3995 602 4067 Neque
614 3997 685 4050 euim
695 3995 774 4050 tando
787 4010 903 4066 uuquam
915 4001 956 4048 est
966 3993 1095 4059 auditum,
1112 3993 1206 4048 Nocmi
1214 4001 1301 4066 poste-

133 4099 174 4136 ros
184 4087 250 4135 once
259 4081 353 4134 turrim
365 4065 496 4134 cduditsm
508 4081 621 4150 Scythas
633 4083 789 4152 appellatos,
807 4086 854 4134 sut
869 4081 927 4135 aliis
942 4081 1067 4150 denique,
1084 4095 1163 4150 quam
1179 4080 1302 4152 Scythice

132 4168 238 4233 ineolis,
256 4171 318 4238 post
328 4167 464 4222 nationum
480 4167 572 4237 utique
584 4167 694 4220 divortia
704 4167 860 4238 Scytharum
871 4167 1028 4221 vocabulum
1038 4165 1199 4220 attributum.
1228 4167 1302 4222 Hauc

132 4251 278 4324 Epiphanio
290 4253 458 4322 pertitiouem
469 4253 569 4323 peperit
580 4261 675 4322 arguto
685 4253 730 4307 illa
741 4253 815 4308 Pauli
825 4253 1002 4325 interpretatio
1014 4252 1047 4306 ad
1056 4251 1131 4308 Rom.
1142 4271 1169 4319 ι,
1180 4253 1226 4307 ubi
1237 4253 1300 4308 Bar·

133 4339 269 4402 bsrorum,
282 4336 452 4407 Semnum,
471 4337 641 4404 Graecorum,
652 4339 859 4410 Iudaeorumque
869 4338 900 4392 dt
910 4337 1016 4392 mentio.
1045 4337 1098 4392 Sed
1109 4355 1189 4409 quem
1200 4338 1301 4394 ebenus

133 4423 164 4477 ab
175 4421 317 4495 Eptpbeuii
328 4433 416 4478 mente
426 4424 464 4477 sit
474 4425 586 4494 apostoli
598 4425 670 4478 locus
681 4425 737 4490 ille,
753 4441 794 4479 ree
806 4426 865 4496 ipss
874 4424 996 4494 loquitur.

199 4505 312 4581 Zspdpdt
324 4508 365 4561 aui
379 4506 479 4577 Ἰίζαν.]
506 4509 632 4564 Hebraico
648 4510 737 4564 Iecsau
753 4527 807 4566 ιιι
823 4507 922 4566 'isirin
951 4510 1017 4564 Mox
1033 4505 1166 4582 ’Eppsadip
1181 4513 1300 4584 corrupte

134 4595 202 4668 apud
211 4593 307 4667 Epipb
318 4611 366 4666 pro
377 4591 474 4648 biudis.
486 4611 539 4650 ιιι
550 4593 651 4650 diuidi.
