3138 5044
303 275 371 334 CLX

303 431 438 486 emendare
450 431 583 504 cupientes
594 429 691 502 paseha
701 445 779 486 auum
793 430 822 485 in
838 447 882 486 xx.
894 430 983 486 hiartii
999 430 1067 486 dem
1085 428 1229 496 distulisse,
1245 445 1298 502 quo
1314 445 1407 502 panus
1424 437 1468 486 ost

302 516 432 583 Christus,
449 534 501 588 quo
518 517 639 570 nimirum
652 517 758 588 propius
770 517 803 570 ed
816 517 1007 587 aequinoctium
1022 516 1184 582 accederent,
1201 517 1243 570 rel
1258 518 1339 570 etiam
1353 517 1467 572 eoeleste

301 603 482 674 plenilunium.
515 603 582 656 Nam
596 603 645 656 hoo
656 603 735 656 verbe
751 603 810 673 ipse
824 603 902 656 tacite
919 603 1109 658 demonstrante
1128 602 1168 654 ael
1185 599 1297 674 ἰσημερίαι
1314 601 1363 673 aph
1381 601 1468 656 ledus

303 687 437 740 Καλανδῶν
449 685 606 758 Ἀπριλλίων,
619 685 651 740 δι’
662 688 691 754 ἣν
704 687 863 753 πλανηθέντες
876 685 1011 758 ὖπέρβατον
1024 687 1081 758 μίαν
1093 686 1184 758 ἡμέραν
1197 685 1321 753 ἐποίησαν.
1342 687 1413 758 Ergo
1425 687 1468 740 eos

301 771 344 840 τὴν
356 770 490 844 ἰσημερίαν,
502 779 528 828 et
539 773 648 827 sonasse
660 778 765 844 propter
776 774 864 826 lanam
877 774 969 838 etiem,
985 789 1019 828 ne
1036 779 1170 845 tantopere
1187 774 1221 827 ab
1239 779 1349 844 utroque
1364 773 1467 828 resede-

301 865 372 924 rent,
384 859 452 915 diem
462 858 624 914 diffuderant.
644 859 747 912 Poterat
756 859 825 912 enim
834 859 876 912 rel
884 859 940 930 ipse
950 858 1042 913 sideris
1051 864 1171 931 aspectus
1180 859 1237 912 vitii
1245 859 1305 914 illos
1313 859 1466 924 admonere3

302 943 372 1014 quod
383 943 475 998 saltem
486 944 655 998 minuendum
667 959 724 996 esse
734 943 909 998 decreverunt.

369 1027 436 1084 Cum
447 1029 511 1083 haee
523 1029 681 1100 Epiphanius
694 1029 830 1082 manifeste
841 1031 950 1094 sentiet,
961 1035 1064 1085 caetera
1075 1045 1143 1102 quae
1154 1032 1187 1086 ab
1198 1047 1230 1084 eo
1242 1029 1364 1084 dicuntur
1373 1028 1467 1084 eodem

302 1115 435 1185 dirigenda
451 1119 514 1168 eunt
529 1120 607 1184 atque
622 1113 671 1168 heo
687 1115 765 1169 modo
782 1116 974 1170 constituenda:
992 1114 1110 1170 Christus
1121 1116 1206 1186 legale
1216 1113 1316 1187 paseha
1326 1115 1468 1170 celebrarit

302 1216 362 1254 oum
377 1201 505 1271 plerisque
522 1199 624 1254 ludaeis
641 1217 694 1254 avr.
705 1199 762 1254 Kal.
778 1201 852 1270 Apu,
868 1201 934 1254 feria
950 1219 1002 1268 rra,
1020 1202 1083 1254 luna
1098 1201 1204 1256 Iudaica
1218 1201 1313 1256 uitiosa
1327 1219 1388 1266 xm,
1405 1215 1465 1254 oum

301 1286 367 1338 feria
377 1304 402 1340 ν.
416 1287 478 1339 luna
489 1303 542 1340 xrr.
554 1285 648 1338 vitiosa
659 1286 747 1356 pertici
759 1286 885 1340 debuerit.
918 1286 1001 1340 Biduo
1013 1287 1094 1357 igitur
1104 1287 1249 1341 antevertit.
1279 1287 1315 1340 At
1325 1286 1466 1350 Pharisaei,

302 1370 441 1442 ludaeique
453 1371 497 1424 elii
508 1372 571 1424 lans
581 1370 686 1424 ludaico
694 1389 745 1436 η,
757 1372 845 1425 Martii
854 1389 908 1436 xx.,
921 1388 973 1442 quo
985 1369 1129 1443 depassus
1140 1378 1181 1426 est
1189 1371 1316 1437 Christus,
1328 1369 1383 1424 ιιιιθ1
1393 1370 1466 1440 ὑπέρ-

304 1455 373 1526 βασιν
385 1456 435 1510 diei
447 1455 524 1510 unius
537 1473 553 1509 a
564 1457 625 1510 lune
637 1473 689 1510 xre.
702 1456 736 1508 ad
747 1475 790 1510 xv.
824 1457 863 1511 Ex
881 1458 913 1511 iis
929 1457 1010 1512 ialsoe
1024 1473 1070 1512 eos
1082 1473 1139 1512 esse
1150 1463 1252 1512 eoostat
1263 1457 1308 1528 qui
1318 1457 1466 1528 Epiphanio

304 1541 461 1596 Graecorum
478 1541 632 1596 sententiam
650 1541 811 1606 adscribunt3
833 1541 902 1612 quod
920 1542 1037 1596 Christus
1053 1542 1149 1614 paseha
1165 1544 1229 1598 luna
1245 1561 1303 1597 xm.
1319 1541 1466 1606 celebrarit,

301 1635 362 1682 ante
373 1627 496 1694 Iudaeos,
508 1628 553 1698 qni
563 1627 590 1680 id
600 1627 722 1698 postridie
733 1628 888 1698 peregerint.
912 1627 969 1682 Non
982 1629 1051 1682 enim
1063 1647 1121 1684 xnr.
1129 1629 1205 1693 luna,
1217 1627 1263 1682 sed
1274 1643 1322 1682 aar.
1333 1625 1466 1682 Christum

301 1713 328 1768 id
339 1713 426 1783 egisse
437 1719 538 1779 oenset,
555 1721 683 1783 quatenus
697 1711 762 1767 ieris
773 1731 813 1768 m.
828 1714 971 1783 contigisse
982 1719 1065 1784 putat.
1101 1712 1175 1778 Quod
1187 1713 1211 1767 si
1221 1729 1256 1766 ex
1267 1713 1402 1767 communi
1412 1727 1465 1766 eer-

301 1799 455 1870 tissimaque
467 1800 596 1852 sententia
606 1798 671 1852 ieris
682 1817 707 1851 ν.
719 1798 863 1853 celebrasse
875 1797 1005 1854 Christum
1018 1799 1159 1852 arbitratus
1170 1805 1250 1864 esset,
1267 1815 1321 1854 non
1337 1799 1390 1854 alia
1403 1797 1466 1852 luna

302 1901 380 1955 quem
393 1901 460 1956 quae
472 1901 504 1940 ex
513 1885 606 1938 vitioso
619 1885 692 1954 cyclo
701 1901 754 1938 xrv.
765 1883 833 1937 foret
844 1883 942 1938 laetum
954 1892 1089 1940 assereret.
1106 1883 1179 1940 Unde
1191 1901 1224 1938 sx
1236 1883 1398 1954 uestigatiori
1407 1881 1466 1954 Epi·

301 1969 391 2041 phanii
399 1971 494 2024 iudioio
504 1969 678 2024 definiendum
690 1975 730 2022 eet
739 1967 870 2024 Christum
881 1970 946 2024 leria
955 1989 990 2035 v.‚
1002 1971 1065 2024 luna
1074 1988 1127 2026 xrs.
1140 1986 1201 2024 oum
1210 1969 1344 2024 nonnullis
1354 1967 1465 2032 ludaeis.

302 2061 418 2110 caeteros
430 2071 491 2110 roro
503 2071 562 2108 oum
573 2054 717 2108 Pharisaeis
728 2053 794 2108 ieris
805 2073 839 2109 vr.
850 2055 947 2126 paseha
958 2055 1111 2110 comedisse.
1146 2054 1203 2119 Qua
1213 2071 1248 2108 ex
1259 2051 1399 2126 Epiphanii
1409 2054 1465 2124 opi·

301 2141 380 2194 niens
392 2141 443 2194 duo
455 2141 618 2211 colliguntur,
631 2156 769 2210 quaecum
782 2140 813 2194 de
824 2141 954 2211 passionis
965 2157 1036 2194 enno
1053 2140 1184 2212 quaeritur
1199 2139 1324 2194 monim
1340 2139 1465 2212 disputari

302 2227 399 2280 solent:
417 2227 526 2280 alterum
543 2225 695 2279 ludaeorum
712 2226 842 2297 principes
858 2243 911 2280 non
928 2225 1020 2280 eodem
1032 2243 1093 2280 oum
1104 2223 1206 2280 Christo
1218 2225 1260 2280 die
1271 2225 1390 2296 legitimo
1402 2225 1465 2294 agni
1564 2223 1565 2240 ¹

302 2312 379 2383 epulo
391 2311 554 2382 perfunctos,
566 2312 674 2364 alterum
686 2327 746 2366 oum
757 2313 813 2365 sine
825 2313 1026 2367 commutatione
1038 2313 1126 2384 aliqua
1136 2317 1284 2382 temporum
1295 2325 1327 2364 ao
1338 2310 1464 2364 festorum

301 2397 327 2450 id
339 2396 455 2451 assidere
466 2413 519 2450 non
531 2395 655 2467 potuerit,
667 2397 864 2452 translationem
875 2397 989 2468 aliquam
1000 2399 1053 2452 illis
1064 2395 1225 2468 temporibus
1237 2395 1363 2450 extitisse.
1381 2395 1464 2460 Qum

301 2482 335 2536 ed
346 2480 413 2536 hano
424 2481 562 2554 Epiphanii
575 2481 777 2552 disputationem
793 2482 974 2538 illustrandam
989 2482 1098 2536 totidem
1114 2481 1175 2536 illes
1190 2481 1360 2553 quaestiones
1374 2481 1464 2554 pausis

300 2567 350 2622 hoe
361 2568 419 2622 looo
431 2567 613 2640 disceptandas
623 2573 692 2622 sunt

201 2769 222 2808 o·
234 2758 276 2802 Μ
347 2756 468 2813 UTRUhd
484 2756 598 2812 iubent
616 2755 874 2812 emendatoris
891 2753 1074 2812 Fastorum
1091 2755 1176 2810 0L1ut
1192 2753 1249 2810 usi
1263 2753 1420 2810 munirer.

367 2877 397 2931 In
409 2879 544 2932 recentiori
554 2877 708 2932 Iudaeorum
720 2883 841 2948 computo
854 2877 1022 2948 scrupulosus
1039 2882 1066 2929 et
1081 2877 1177 2932 anxius
1192 2876 1299 2946 quidam
1311 2881 1352 2930 est
1364 2874 1460 2930 dierum

249 2985 253 2992 ·
301 2961 415 3016 delectus
432 2963 464 3014 ed
481 2963 630 3017 neomenias
646 2962 774 3032 figendas.
808 2962 914 3032 Deque
931 2963 1015 3016 multe
1030 2960 1461 3026 in'l'helmudioisGommentariis,

300 3049 423 3101 Traetatu
435 3047 466 3100 de
478 3048 546 3102 Anni
558 3047 660 3118 Capite,
672 3054 699 3100 et
710 3048 737 3101 in
748 3054 820 3101 tomo
832 3048 916 3118 primo
928 3047 974 3101 lad
986 3047 1017 3102 R.
1027 3047 1115 3112 Mose,
1127 3047 1212 3100 'l'raot
1224 3045 1358 3100 Kidduseh
1369 3045 1461 3100 hacho·

301 3131 392 3198 doech,
404 3149 452 3186 neo
464 3149 516 3186 non
528 3139 554 3186 et
564 3133 591 3185 in
609 3137 694 3208 πυ
711 3139 792 3198 ’νιν
809 3133 840 3188 R.
853 3132 956 3186 lsaohar
972 3133 1023 3186 ben
1041 3131 1188 3186 Mardochai
1204 3133 1313 3200 aliisque
1330 3132 1416 3196 librla;
1435 3133 1461 3184 in
1562 3169 1563 3172 ι

301 3219 395 3288 quibus
408 3217 523 3270 infinitae
534 3218 639 3288 regulae
651 3233 681 3270 ao
693 3218 825 3272 cautiones
836 3219 1012 3290 praescriptae
1024 3223 1092 3271 sunt.
1124 3217 1240 3270 Duorum
1251 3233 1312 3270 vero
1325 3217 1461 3281 mensium,

300 3301 805 3374 lieriaoNisauimprimis,neumenise
815 3303 848 3356 ab
858 3305 909 3358 illis
919 3304 1098 3368 observentur,
1108 3319 1217 3372 quarum
1225 3301 1462 3356 transferendamm

301 3403 396 3442 caussa
407 3387 502 3458 duplex
514 3387 608 3440 ibidem
621 3387 736 3454 affertur,
747 3389 873 3442 naturalis
885 3393 931 3442 aot
943 3389 1034 3442 civilis.
1052 3387 1155 3441 Etenim
1166 3403 1225 3442 cum
1236 3403 1317 3458 supra
1328 3387 1407 3442 lorias
1418 3404 1461 3441 ex·

301 3478 433 3526 eumentes
446 3473 569 3526 minutiae
581 3471 701 3526 odhones
714 3473 744 3526 18
755 3474 921 3544 perveniunt,
934 3479 960 3528 et
970 3474 1069 3526 lunaris
1082 3473 1205 3544 ψηφισμὸς
1217 3471 1352 3526 meridiem
1363 3471 1415 3528 diei
1425 3475 1461 3526 in·

300 3557 433 3628 sequentis
445 3559 551 3627 attingit
562 3560 634 3627 (nam
646 3557 734 3612 ludaei
745 3557 813 3612 diem
826 3559 859 3612 ab
871 3559 945 3612 initio
956 3559 1041 3612 noetis
1053 3559 1227 3630 suspicantur,
1245 3575 1261 3610 a
1274 3575 1327 3628 quo
1343 3556 1374 3612 18
1384 3557 1461 3610 horas
1561 3577 1562 3586 ¹

300 3648 465 3713 computatae
477 3643 527 3696 diei
538 3643 621 3696 civilis
633 3645 765 3713 sequentis
776 3644 910 3698 meridiem
922 3645 1119 3714 assequunturlz
1136 3649 1192 3696 tum
1209 3643 1236 3696 in
1252 3643 1360 3698 alteram
1372 3643 1460 3696 ieriam

299 3729 426 3782 naturalis
436 3728 585 3782 neomeniae
594 3729 729 3783 translatio
738 3729 794 3782 fieri
803 3729 902 3782 dicitur.
921 3728 973 3782 Sed
982 3745 1042 3782 eum
1051 3729 1251 3800 opportunitatis
1260 3729 1462 3800 alicuiusgratia

300 3815 354 3868 dies
367 3813 518 3868 diffunditur
536 3813 609 3867 oivile
626 3812 675 3867 hoo
692 3819 778 3867 totum
795 3820 847 3880 est,
866 3821 892 3867 et
908 3815 941 3868 ab
957 3812 1091 3868 hominum
1104 3815 1238 3867 voluntate
1254 3819 1281 3866 et
1300 3813 1461 3868 institutione

300 3899 434 3971 dependet.
468 3899 508 3952 Ex
525 3897 574 3954 hoo
588 3898 660 3952 tonte
676 3899 800 3952 seriarum
816 3899 886 3970 apud
897 3899 1006 3952 ludaeos
1019 3905 1080 3952 sunt
1091 3905 1154 3954 nate
1166 3897 1283 3952 divertio.
1317 3897 1386 3954 Nam
1398 3899 1461 3952 alias

299 3987 420 4040 roiioulao
432 3991 504 4050 sunt,
518 3985 584 4037 aliae
596 3985 693 4055 probae
704 4001 734 4038 so
745 3985 885 4054 legitimae.
920 3983 1050 4051 Relicule,
1067 4001 1133 4055 quae
1148 3953 1240 4054 bion
1252 3983 1349 4036 abillis
1361 3983 1460 4048 dieitur,

301 4093 340 4140 est
351 4089 445 4159 triplex
457 4103 524 4158 quae
535 4088 563 4140 in
574 4087 643 4140 Tisri
654 4089 758 4156 τεχνικῷ
770 4084 819 4139 hoe
831 4087 956 4140 vocabulo
968 4089 1114 4142 continetur
1126 4065 1190 4148 hhld
1201 4088 1271 4142 Ado.
1293 4085 1385 4158 ltaque
1396 4085 1461 4140 'lieri

301 4192 437 4244 neomenia
448 4205 581 4260 nunquam
594 4189 685 4260 inoipit
700 4205 716 4242 a
731 4187 796 4241 teria
809 4206 840 4254 ι.,
858 4207 905 4254 ιν.,
921 4189 962 4244 rel
973 4207 1009 4244 rr.
1043 4190 1074 4243 In
1085 4188 1167 4244 Niaau
1178 4205 1240 4242 roro
1251 4167 1365 4250 stiffi
1378 4188 1460 4252 Roda,

301 4272 482 4346 significatque
494 4275 657 4329 neomeniam
670 4273 751 4326 Niean
763 4289 898 4344 nunquam
914 4275 941 4328 in
958 4275 1051 4328 iuriam
1067 4274 1157 4328 cedere
1169 4293 1211 4341 rr..
1226 4292 1274 4339 rr..
1290 4274 1333 4328 val
1344 4291 1380 4328 rr.
1413 4271 1460 4326 Re·

300 4357 387 4427 liquae
399 4365 509 4429 quatuor
519 4360 599 4416 leriae
611 4365 732 4452 num?
743 4357 885 4414 debilitati
896 4359 1024 4425 dieantur,
1042 4359 1110 4430 quod
1126 4359 1154 4414 in
1165 4359 1197 4414 iis
1208 4358 1324 4430 figantur
1334 4359 1459 4414 retineam
1559 4373 1560 4426 ;

300 4447 393 4513 turque
404 4446 562 4499 neomeniae.
596 4444 817 4516 Negligeudarum
833 4461 909 4516 porro
925 4445 1049 4500 leriarum
1066 4445 1152 4500 eautio
1168 4443 1229 4498 inde
1243 4441 1403 4516 produxisse
1415 4459 1459 4516 pu·

300 4533 378 4594 tatur,
395 4527 463 4600 quod
481 4527 532 4582 duo
548 4531 668 4595 sabbata,
690 4531 744 4584 sire
761 4529 840 4595 testa,
859 4533 886 4583 ln
905 4529 971 4584 'lieri
988 4532 1125 4602 praecipue
1141 4531 1265 4585 motinus
1281 4545 1339 4586 esse
1356 4529 1458 4595 nahmi,
