3126 5046
1148 363 1261 423 COXLV

93 515 228 587 impositio
239 517 287 580 sit,
297 531 377 587 quam
389 517 475 587 plures
487 517 602 590 episcopi
612 517 724 582 iaciant,
736 515 782 572 sed
793 533 846 588 qua
857 517 924 572 hunt
935 517 1057 590 episcopi.
1081 519 1167 584 Quare
1183 522 1207 575 si
1217 538 1261 576 re·-

92 619 151 656 rum
163 607 218 667 eat,
230 601 300 672 quod
312 602 423 673 epistola
434 601 485 655 ista
496 609 596 666 nanat,
608 619 662 656 uon
670 603 704 656 ab
714 619 765 656 uuo
775 607 878 658 tautum
887 604 1031 658 consecrati
1040 603 1137 658 luerint
1145 605 1261 677 chorepi-

93 688 174 758 scopi
198 687 295 741 Verum
307 687 455 759 perturbate
466 687 606 742 admodum
618 704 647 741 ae
659 689 782 758 perplexe
793 689 916 759 loquitur,
932 706 991 742 cum
1009 689 1114 744 eosdem
1128 708 1194 760 quos
1206 693 1260 763 epi·

92 789 187 843 acopos
199 771 282 826 tuisse
292 777 355 826 tuno
366 777 514 826 asseruerat
526 773 615 827 nescio
631 787 683 844 quo
701 779 777 844 pacto
794 774 905 828 subinde
922 781 1002 844 neget
1017 775 1153 846 episcopos
1168 777 1258 834 fuisse.

84 859 144 912 aaa
156 857 315 912 Antiocheni
325 858 433 912 cananis
445 857 570 912 autoritas
582 857 735 928 opponitur3
751 859 825 914 cuius
838 875 868 912 ea
881 859 998 913 clausula
1009 865 1061 924 est,
1077 861 1259 931 χοριιιίσκοπαν

92 941 239 1013 θθγίνισθαι
249 941 298 996 θπθ
310 947 354 995 τοῦ
366 945 409 1010 τῆς
421 941 517 1004 πόλεως
528 935 544 1012 ᾗ
557 941 681 995 θπίκιιται
692 941 839 997 ίπισκόπουε
855 944 1055 1016 Ghorepabcopua
1067 955 1150 998 σαιενκ
1162 947 1194 999 αθ
1207 951 1259 1016 cpi·
1351 996 1354 1006 ς

91 1047 168 1099 acopo
180 1033 295 1082 civitatis
305 1030 346 1082 cel
356 1029 418 1092 iocs‘,
435 1033 478 1081 cui
493 1029 559 1080 idem
574 1030 690 1093 adiacet,
708 1031 868 1082 ordinandus
885 1039 928 1082 est.
961 1031 1028 1084 Hinc
1044 1031 1105 1084 illae
1121 1032 1260 1102 lacrymae.

92 1115 173 1186 Atqui
184 1131 245 1168 eum
256 1114 438 1186 abepiscopo,
449 1113 492 1168 cui
503 1113 636 1168 subiectus
648 1120 702 1179 eat,
714 1114 828 1170 ordinari
839 1115 923 1181 iubet,
936 1133 989 1169 uon
998 1116 1064 1170 alios
1073 1117 1202 1182 excludit,
1215 1119 1260 1188 qui

92 1215 146 1254 uua
156 1216 252 1254 manus
263 1200 412 1270 imponant,
424 1199 470 1252 sed
481 1197 530 1252 hoc
542 1199 628 1254 solum
637 1200 775 1270 praecipit,
787 1206 818 1253 ut
829 1200 999 1254 ordinationis
1011 1217 1117 1272 praeses
1129 1219 1160 1255 ac
1171 1204 1258 1256 mode-

91 1279 163 1339 rator
174 1285 220 1338 ille
230 1285 276 1350 sit,
294 1285 367 1338 cuius
382 1285 411 1338 in
427 1284 523 1338 ditione
534 1289 659 1349 versetur,
680 1291 709 1338 ut
725 1285 781 1338 eius
797 1283 900 1339 hortatu
915 1286 1077 1356 inritatuque
1089 1287 1259 1342 adhibeantur

91 1371 150 1435 aiii,
162 1375 193 1424 ut
205 1369 296 1424 eodem
307 1370 466 1433 inconsulto,
478 1376 508 1423 ut
515 1369 619 1424 iniussu
631 1369 742 1440 denique
754 1368 954 1442 chorepiscopus
966 1389 1019 1425 nou
1030 1371 1084 1426 fiat.
1115 1373 1200 1436 Quam
1212 1371 1258 1428 hu·

91 1456 131 1509 ius
143 1456 254 1508 canonis
266 1471 323 1508 esse
335 1455 491 1508 sententiam
503 1453 616 1508 declarat
627 1454 758 1520 Balsamo,
771 1472 831 1509 cum
844 1455 887 1521 ait,
900 1454 1143 1526 chorepiscoporum
1155 1457 1203 1512 hae
1213 1475 1258 1530 ap·
1284 1483 1305 1521 p.
1315 1470 1359 1512 tec.

92 1539 202 1612 pendice
214 1539 388 1596 anunm
398 1541 588 1610 arrogantiam,
601 1541 646 1609 qui
656 1541 767 1611 propriis
779 1541 935 1612 contemptis
944 1542 1072 1612 episcopis
1084 1559 1100 1594 a
1111 1545 1259 1614 metropoli-

92 1633 154 1680 tauo
168 1625 210 1678 rel
221 1624 368 1698 patriarcha
378 1625 492 1680 ordinari
502 1641 560 1679 sese
572 1625 679 1690 vellent,
696 1641 748 1695 quo
763 1626 850 1678 miuus
868 1627 895 1680 iu
906 1643 1014 1680 suorum
1025 1631 1153 1696 potestate
1163 1628 1258 1682 iorsut.

91 1711 152 1766 ideo
166 1711 352 1775 constitutum,
365 1717 394 1765 ut
406 1711 438 1764 ab
451 1711 571 1781 episcopo
583 1727 631 1764 suo
643 1716 863 1764 consecrarentur.
897 1710 1001 1764 Etenim
1012 1711 1173 1764 simillimum
1185 1713 1258 1783 quid·

91 1797 153 1850 dam
165 1795 267 1850 ridetur
278 1812 309 1850 ac
321 1812 379 1849 cum
391 1795 492 1860 dicitur,
504 1811 521 1849 a
532 1795 729 1866 metropolitano
744 1796 915 1866 provinciales
931 1811 1022 1850 omues
1038 1798 1174 1867 episcopos
1191 1797 1257 1851 ordi·

91 1881 431 1946 transmissionem,
447 1881 493 1951 qui
504 1881 531 1934 in
544 1878 696 1934 Chalcedon.
709 1879 825 1934 Concilio
837 1871 924 1935 Actor.
935 1899 991 1936 aur.
1005 1897 1066 1951 pag.
1075 1880 1134 1937 389,
1146 1883 1184 1934 ita
1196 1899 1256 1936 cou-

91 1967 201 2038 cipitur:
220 1965 281 2026 ὥστε
297 1964 321 2018 ἐν
338 1970 382 2037 μιᾷ
397 1963 486 2035 ἐκίιστρ
502 1967 552 2018 τῶν
564 1964 687 2035 ἐπαρχιῶν
700 1964 728 2016 ab
741 1969 813 2036 κῦρος
826 1961 889 2036 ἔχιιν
899 1965 943 2017 τον
956 1969 997 2032 τῆς
1010 1965 1199 2036 μητροπόλεως,
1217 1968 1257 2020 καί

92 2051 168 2104 ababa
181 2051 297 2120 καθιστᾷν
309 2048 399 2112 πάντας
412 2050 468 2112 τοὺς
480 2049 528 2104 θπθ
541 2050 583 2118 τὴν
598 2049 672 2117 αὐτὴν
691 2048 809 2121 ἐπαρχίαν
826 2047 985 2112 ἐπισκόπουςε
1015 2051 1048 2104 Ut
1064 2055 1091 2104 ιἰι
1108 2072 1257 2124 unaquaque

87 2141 229 2207 precinctu
242 2140 280 2190 iar
291 2155 324 2190 cc
332 2145 482 2207 potestatem
493 2138 698 2206 metropolitauus
709 2136 816 2200 habeat,
828 2138 940 2206 idemque
949 2145 1065 2200 cunctos,
1077 2141 1120 2206 qui
1130 2141 1158 2189 ιἰι
1169 2141 1256 2192 ecdem

86 2227 228 2292 prce-imin
240 2231 309 2286 aaut,
320 2226 449 2292 eps'rccpoa
460 2225 567 2278 ordinet.
595 2221 639 2275 Sic
651 2221 767 2276 eiusdem
779 2221 882 2276 coucilii
892 2222 979 2276 Actor.
989 2241 1041 2276 rvr.
1054 2237 1114 2276 cum
1127 2239 1160 2278 ex
1172 2243 1201 2278 11.
1215 2241 1256 2292 sy·
1359 2281 1363 2290 ,

91 2309 155 2364 nodi
173 2307 275 2364 decreto
288 2306 573 2378 Constantinopolitano
591 2305 785 2378 archiepiscopo
803 2323 957 2360 concessum
974 2307 1067 2362 dicitur
1083 2314 1112 2360 ut
1126 2308 1256 2374 Ponticas,

91 2395 219 2457 Ashnae,
236 2391 360 2448 Thraciae
371 2392 518 2446 dioeceseos
529 2393 722 2463 metropolitani
734 2393 863 2448 duntaxat
874 2393 907 2446 ab
920 2409 951 2446 eo
963 2399 1158 2448 consecrentur:
1175 2413 1257 2466 χειρο-

91 2478 214 2532 τονεῖσθαι
231 2477 287 2539 τοὺς
305 2477 485 2548 μητροπολίτας
503 2480 552 2530 τῶν
570 2477 750 2549 προειρημένων
768 2477 909 2543 διοικήσεων
926 2477 993 2548 παρὰ
1008 2483 1052 2530 τοῦ
1064 2475 1256 2548 ἀρχιεπισκόπον

92 2563 386 2632 θωνσταντινονπόλειος,
405 2581 457 2616 nou
469 2564 558 2618 statim
570 2579 732 2634 consequens
750 2569 801 2626 est,
818 2563 905 2616 solum
922 2561 1146 2633 archiepiscopum
1162 2581 1256 2618 manua

91 2651 242 2720 imponere,
253 2649 299 2704 sed
311 2649 339 2700 rb
353 2653 424 2718 κῦρος
435 2645 507 2719 ἔχειν,
520 2655 549 2702 ut
560 2648 689 2704 Nicaenus
701 2649 791 2702 Canon
803 2667 837 2700 ιν.
850 2647 977 2716 loquitur:
993 2646 1021 2698 rb
1034 2646 1060 2700 δὲ
1073 2652 1145 2716 κῦρος
1157 2651 1206 2700 τῶν
1219 2667 1256 2718 γι-

90 2735 201 2804 νομένων
211 2733 321 2786 δίδοσθαι
330 2731 385 2786 καθ’
394 2731 497 2799 ἐκθσιην
506 2731 625 2803 ἐπαρχίαν
635 2737 671 2802 τῷ
681 2731 858 2802 μητροπολίτῃ.
876 2732 917 2784 Ad
929 2731 1040 2785 eundem
1050 2733 1139 2802 itaque
1150 2733 1257 2788 mudum

90 2819 294 2891 chorepiscopus
310 2819 455 2890 apluribus
473 2819 585 2872 ordinari
601 2818 696 2888 potuit,
713 2821 853 2888 praeeunte
871 2833 901 2870 ac
918 2815 1069 2870 moderante
1086 2817 1187 2870 scilicet
1203 2819 1255 2888 epi·

91 2923 183 2978 scope.
208 2905 325 2960 Alterum
337 2905 406 2976 quod
417 2904 445 2958 iu
456 2905 502 2958 illa
511 2903 618 2958 Damasi
629 2903 739 2974 epistola
750 2902 909 2973 proponitur,
921 2907 1026 2954 cautum
1040 2918 1097 2955 esse
1108 2919 1141 2954 ue
1152 2902 1180 2954 iu
1191 2903 1256 2958 vicia

90 2993 197 3064 agrisve
215 2991 420 3045 cousituereutur
437 2989 564 3062 episcopi,
582 2988 736 3042 sententiam
752 2993 869 3040 nostram
886 2987 1011 3043 maiorem
1027 2988 1056 3040 iu
1072 2987 1179 3042 modum
1195 3005 1255 3042 con-

89 3077 188 3135 firmat
208 3077 256 3130 list
266 3076 335 3130 euim
346 3075 485 3130 Laodiceni
496 3073 598 3128 concilii
610 3071 700 3128 Canon
710 3091 785 3128 urin:
797 3069 857 3126 Ὅτι
869 3071 898 3142 οὗ
910 3073 947 3124 δεῖ
958 3069 982 3124 ἐν
994 3075 1047 3132 ταῖς
1060 3073 1166 3143 κώμαις,
1178 3073 1219 3125 καί
1230 3072 1255 3126 ἐν

91 3166 145 3222 ταῖς
152 3161 252 3232 ,χώραις
265 3160 421 3213 καθίστασθαι
433 3158 592 3226 ἐπισκόπους,
604 3154 669 3210 iili
681 3155 842 3230 περιοθιυτθις·
856 3157 912 3220 τοὺς
922 3157 1003 3229 μέντοι
1012 3158 1255 3227 προκατασταθίντας

90 3247 168 3318 paphia
182 3247 293 3316 πράττειν
305 3243 359 3298 ἄνευ
371 3244 470 3316 γνώμης
483 3248 526 3298 τοῦ
538 3241 562 3296 ἐν
574 3248 603 3314 τῇ
616 3242 697 3296 πόλεις
714 3243 788 3304 Quod
797 3263 843 3296 ιιονι
853 3248 1003 3313 oportccta'u
1011 3245 1106 3296 villulis
1115 3248 1173 3296 etin
1182 3249 1255 3312 captia

90 3340 224 3404 episcopos
236 3335 364 3394 constitui,
376 3333 421 3383 aed
431 3335 582 3384 visitatores.
601 3329 776 3382 Verumtamen
784 3331 935 3399 iampridem
945 3332 1074 3382 cerutitutr'
1082 3328 1257 3397 nihilfecicat

86 3430 197 3489 praeter
214 3420 393 3470 mrrscieuts‘um
409 3419 522 3486 episcopi
537 3418 659 3468 civitatis.
692 3413 731 3468 De
748 3411 938 3484 chorepiscopis
955 3413 1130 3483 praescribere
1146 3414 1255 3480 ridetur,

92 3505 309 3574 quoaepiscopos
318 3501 452 3572 agnoscit,
463 3499 509 3554 sed
517 3500 638 3571 usurpari
648 3499 675 3553 id
687 3499 799 3570 amplius
810 3504 892 3563 relat,
904 3515 988 3568 neque
1001 3499 1165 3568 deincepsiis
1177 3500 1204 3554 iu
1216 3501 1253 3554 lo·

92 3591 130 3646 cis
141 3589 279 3660 episcopos
291 3588 360 3658 eligi.
384 3585 467 3650 Quam
479 3585 583 3656 quidem
595 3585 756 3638 sanctionem
767 3598 932 3656 nequaquam
945 3585 1108 3638 observatam
1118 3584 1201 3638 luisse
1212 3601 1254 3638 aa·

92 3676 129 3730 tis
144 3691 177 3730 ea
194 3673 384 3737 demonstrant,
402 3687 467 3742 quae
485 3689 518 3726 ex
531 3669 691 3726 Andochsno
703 3670 812 3726 concilio
824 3675 850 3723 st
861 3669 970 3724 eliorum
981 3675 1083 3740 patrum
1095 3667 1204 3724 decretis
1215 3677 1254 3724 at·

91 3761 212 3815 tulimus.
979 3757 980 3762 ’

160 3844 202 3900 Ad
214 3859 343 3900 summam
354 3841 532 3914 chorepiscopi
543 3845 584 3910 τῆς
596 3841 694 3914 χώρας,
711 3858 778 3912 quae
795 3840 856 3894 olim
873 3839 976 3912 proprie
988 3839 1102 3911 παροινία
1113 3839 1253 3906 dicebatur,

91 3929 223 4003 episcopi,
234 3945 265 3984 ac
276 3929 413 3984 rusticanis
425 3928 541 3982 ecclesiis
552 3927 693 3998 praepositi
703 3927 815 3980 inerunt.
850 3923 888 3980 Do
900 3941 1009 3995 quorum
1021 3925 1182 3980 institutione
1193 3924 1253 3978 Bal·

92 4033 167 4073 samc
185 4015 219 4069 ad
236 4033 289 4069 xrs.
301 4013 365 4068 Gan.
382 4013 505 4068 Neocaes.
523 4013 624 4066 concilii
640 4012 678 4065 ita
694 4011 829 4082 disputats·
851 4010 992 4082 Episcopos
1009 4011 1036 4062 iu
1053 4009 1140 4063 locum
1150 4015 1253 4080 aposto·

90 4103 178 4158 lorum
192 4119 238 4156 arr.
250 4099 420 4165 successisse,
437 4099 531 4169 qulbus
545 4097 644 4168 ligandi
655 4096 823 4166 solvendique
838 4101 953 4166 potestas
969 4100 1009 4148 est
1023 4093 1091 4149 data.
1126 4093 1178 4148 Sed
1193 4111 1252 4150 cum

92 4189 126 4240 ad
138 4185 270 4256 evangelii
287 4183 507 4256 praedicationem
523 4189 689 4252 caeterasque
705 4181 852 4236 functiones
870 4180 1001 4236 obeundas
1018 4179 1130 4250 apostoli
1146 4179 1253 4234 minime

92 4273 257 4335 sufficereut,
269 4269 396 4324 adhibitos
408 4270 437 4322 iu
445 4268 603 4342 comortium
612 4273 696 4321 certos
704 4265 835 4332 homiues,
849 4265 892 4336 qui
902 4266 1022 4336 discipuli
1031 4266 1125 4318 domim
1132 4279 1252 4320 vocaren-

91 4365 143 4422 tur,
155 4357 203 4428 qui
213 4355 319 4426 quidem
329 4353 539 4408 remittendorum
549 4359 713 4424 peecatorum
723 4357 850 4422 potestate
862 4357 985 4406 carerent.
1008 4349 1107 4404 Horum
1118 4349 1150 4404 ad
1162 4351 1252 4406 simili·

93 4443 212 4496 tudinem
224 4440 415 4511 chorepiscopos
425 4439 506 4494 tuisse
521 4437 655 4504 suffectos,
672 4437 718 4507 qui
735 4437 922 4492 ecclesiasticas
939 4436 1062 4506 pecunias
1079 4435 1107 4490 in
1123 4451 1251 4506 pauperes

93 4527 248 4582 dividerent
265 4523 338 4578 Unde
347 4539 431 4596 neque
439 4524 605 4596 presbyteros
615 4539 646 4577 ac
657 4522 779 4576 diaconos
791 4521 908 4576 ordinare
920 4527 1040 4592 possunt,
1051 4537 1133 4592 aeque
1145 4527 1252 4592 peccata
1270 4583 1272 4590 ¹
1315 4555 1320 4562 -

92 4613 242 4679 remittere,
257 4609 475 4684 quemadmodum
488 4625 536 4672 nec
547 4627 601 4664 aaa
612 4607 731 4680 discipuli
741 4611 869 4680 poteraut.
891 4606 961 4662 Haec
977 4605 1031 4662 iere
1047 4605 1178 4664 Balaamc.
1201 4605 1252 4672 Ubi
