3104 5038
1116 305 1269 362 cuuxxtil

95 481 194 534 cellam
215 480 441 548 calamitatemque
458 479 562 543 reierri,
580 477 683 548 quando
702 479 735 531 ob
753 479 868 548 dejectas
881 479 1000 548 populari
1011 477 1138 532 seditione
1150 477 1271 532 Placillee

94 571 203 617 statuas
217 566 381 617 exulceratus
400 565 563 634 imperatoris
581 565 686 617 animus
705 569 731 616 et
742 563 775 616 ed
789 563 969 616 vindicandam
987 563 1151 632 majestatem
1169 561 1270 616 iniiam·

96 657 190 702 metus
210 649 329 703 Flaviani
347 650 474 720 praesulis
492 649 622 720 legatione
640 649 775 718 mitigatus
788 655 835 701 est.
871 648 921 701 Sed
939 666 987 702 nos
1000 648 1152 702 necessariis
1165 647 1270 718 quibus·

94 734 159 786 dam
181 735 327 788 rationibus
346 736 371 787 in
385 731 569 788 Themistianis
588 735 658 788 uotis
670 733 840 796 ostendimus,
858 735 910 786 alio
923 750 1002 804 quem
1015 733 1047 785 ed
1060 733 1268 786 Theodosianunu

93 819 165 872 illud
185 819 286 872 iactum
304 831 421 890 spectare
433 818 614 884 Themistium,
633 836 716 888 neque
734 829 821 872 temen
841 819 986 888 eujusmodi
998 818 1099 872 facinus
1111 817 1176 871 illud
1194 825 1270 882 esset,

94 907 234 958 extricare
253 913 308 958 tum
327 907 466 976 potuimus.
503 905 587 968 Quare
605 907 642 958 ita
659 905 861 976 disputationem
884 905 1039 958 clausimus:
1067 903 1172 957 Habent
1192 908 1272 971 iaicas·

92 993 199 1044 eruditi
222 995 273 1042 oiri
295 1003 368 1060 atque
391 991 514 1044 historiae
531 994 645 1055 studiosi,
671 995 699 1042 ia
716 1009 762 1058 quo
780 991 922 1058 quaer-eudo
941 1001 1014 1058 atque
1032 989 1186 1042 enucleando
1202 993 1272 1058 inpe-

93 1081 169 1128 aiam
197 1095 268 1128 suane
291 1088 433 1129 erere-eant.
469 1075 543 1141 Quod
566 1092 629 1128 sune
654 1076 746 1128 merito
764 1082 820 1127 tum
843 1091 859 1126 a
886 1073 1020 1144 nobisest
1036 1073 1143 1126 iactum.
1177 1073 1272 1127 Postea

93 1180 162 1215 vero
185 1161 247 1214 dum
267 1161 447 1230 Chrysostomi
464 1161 588 1215 [lorinus
615 1161 646 1214 ed
667 1160 793 1230 Populum
813 1157 1002 1213 Antiochenam
1029 1159 1211 1230 percurrimus,
1243 1161 1270 1212 in

91 1264 151 1317 qna
182 1247 216 1299 de
234 1247 351 1300 Flauiani
367 1247 500 1317 legatione
526 1255 552 1300 et
569 1247 707 1317 impetrata
733 1246 765 1298 ab
792 1245 883 1316 imper.
902 1245 978 1298 venie
1001 1245 1158 1316 gratulatur,
1184 1262 1271 1299 reram

91 1333 298 1386 Themistianae
315 1333 385 1385 illius
398 1333 522 1386 orationis
535 1332 670 1386 historiam
682 1337 708 1384 et
720 1330 869 1400 argumenti
889 1346 1019 1383 summam
1039 1347 1092 1384 non
1104 1333 1160 1384 sinu
1171 1332 1273 1402 ingenti

91 1419 186 1471 animi
213 1417 299 1471 fructu
328 1434 358 1470 ac
384 1420 517 1488 voluptate
544 1418 688 1470 didicimus.
725 1416 790 1469 Gurn
817 1415 887 1468 enim
912 1414 1028 1468 habitam
1056 1416 1213 1470 aFlarieno
1240 1418 1273 1470 ad

91 1503 282 1557 Theodosium
301 1504 445 1556 orationem
464 1521 494 1556 ec
513 1503 718 1572 deprecationem
745 1501 872 1572 explicet,
897 1501 935 1553 sic
953 1518 1014 1554 eum
1031 1502 1097 1555 inter
1115 1509 1218 1556 caetera
1236 1499 1286 1558 lo-'

92 1597 229 1658 quantum
242 1588 350 1642 inducit:
371 1588 415 1638 ilai
428 1588 450 1638 ri
462 1588 510 1658 χρὴ
529 1588 606 1658 λέγειν
627 1587 817 1655 Ιίωνστανεῖνυν,
836 1584 875 1636 καὶ
893 1583 923 1637 τὰ
940 1583 1059 1655 ἀλλότρια
1077 1585 1273 1658 παραδείγματα,

92 1674 155 1726 δέον
179 1671 274 1724 οἴκοθέν
292 1691 318 1724 σε
337 1671 415 1723 aaliz
433 1675 481 1724 τῶν
501 1675 551 1725 σῶν
571 1671 719 1742 παρακαλεῖν
738 1669 959 1741 καεωρθωμὰεων;
984 1669 1104 1740 μέμνησαι
1122 1672 1215 1742 πρώην,
1235 1671 1274 1726 ὅτε

92 1763 137 1826 τῆς
152 1756 243 1826 ἑορτῆς
254 1759 340 1822 ταύτης
347 1755 668 1826 καταλαβούσηςέπιστολὴν
675 1753 783 1828 ἔπεμψας
789 1759 964 1826 πανταχοῦτῆς
975 1753 1116 1826 οἰκουμένης
1125 1755 1271 1810 κελεύουσαν
1298 1789 1317 1828 p.
1330 1785 1373 1824 ρης

93 1844 160 1904 τοὺς
182 1843 212 1893 τὶν
232 1841 397 1912 δεσμωτήριον
411 1840 536 1904 οἰκοῦντας
549 1841 649 1912 ἀφεῖναι,
663 1843 702 1893 καί
716 1845 853 1913 συγχωρεῖν
868 1841 951 1901 αὐτοῖς
960 1839 991 1892 τὰ
1008 1839 1160 1912 ἐγκλήματα,
1179 1845 1226 1910 καλ,
1239 1841 1273 1906 ὡς

92 1929 143 1982 utine
167 1926 310 1998 ἀρκούντων
328 1925 432 1992 ἐκείνων,
457 1929 531 1989 δεῖξαί
549 1947 593 1981 σου
616 1927 658 1995 τὴν
677 1926 868 1998 φιλανθρωπίαν,
886 1923 968 1996 ἔλεγες
987 1923 1026 1978 διὰ
1043 1930 1093 1979 τῶν
1112 1927 1272 2000 γραμμάτων,

93 2015 143 2078 ὅτι,
167 2013 227 2066 Εἴθε
239 2032 281 2084 μοι
294 2013 397 2064 δυνατόν
409 2012 437 2078 ἠν
456 2013 495 2064 καὶ
508 2015 563 2074 τοὺς
577 2011 725 2074 ἀπελθόντας
743 2011 852 2080 καλέσαι,
871 2011 911 2062 καλ
929 2010 1069 2082 ἀναστῆσαι,
1088 2014 1128 2065 καλ
1152 2013 1212 2084 προς
1231 2013 1273 2082 τὴν

93 2099 229 2171 προτέραν
256 2096 386 2168 ἀναγαγεῖν
413 2099 486 2165 ζωήν.
525 2101 675 2170 Quanquam
702 2101 763 2168 qaid
779 2103 871 2150 attinet
888 2099 1084 2163 Constantinam,
1103 2109 1149 2152 aut
1166 2102 1274 2154 aliarum

95 2186 225 2255 exempla
242 2203 391 2248 stercorare,
419 2203 473 2236 cara
492 2195 515 2237 tc
541 2188 684 2238 domesticis
710 2189 760 2236 tuis
778 2185 851 2236 rebus
869 2202 901 2235 ac
912 2188 998 2252 seratis
1016 2188 1125 2237 incitare
1143 2191 1274 2255 oporteat!

94 2271 250 2325 staminiae·
261 2289 348 2339 uesper,
365 2289 419 2322 eam
432 2273 515 2324 codem
527 2273 572 2323 illo
584 2280 717 2342 appetente
722 2275 790 2338 sesto
803 2271 893 2321 literas
905 2280 953 2322 tota
966 2278 1091 2322 terrarum
1104 2271 1164 2323 orbe
1176 2276 1274 2338 misisti,

93 2358 196 2428 quibas
214 2373 257 2407 eos
273 2373 356 2408 omnes
372 2361 416 2424 qui
432 2361 458 2408 ia
477 2374 583 2409 carcere
609 2365 691 2420 eraut,
717 2359 819 2419 dimitti,
836 2359 919 2424 eisque
937 2357 1080 2408 condonari
1097 2359 1207 2410 crimina
1217 2360 1274 2426 jaa-

93 2447 175 2504 sisti,
194 2442 360 2510 lamperiode
371 2459 404 2493 ac
413 2445 437 2493 ei
450 2445 556 2495 reuredum
566 2441 630 2494 haec
645 2443 820 2510 testificandae
833 2439 990 2493 humanitati
1002 2452 1061 2494 turae
1075 2445 1232 2512 sufferrent,
1248 2448 1275 2496 ia

94 2530 171 2580 haec
190 2527 270 2578 uerba
292 2532 451 2596 accepterus:
473 2527 574 2579 Utinam
592 2546 636 2594 eya
654 2536 763 2579 mortuos
780 2529 817 2577 ad
833 2530 912 2578 vitam
930 2545 1052 2578 reuocare
1070 2538 1144 2595 atque
1161 2532 1275 2582 excitare

89 2615 224 2684 possem!
257 2609 330 2674 Quod
349 2618 389 2663 est
401 2611 562 2680 ipsissimum
575 2611 742 2680 benignitatis
755 2612 960 2680 clementiaeque
971 2612 1111 2681 specimen,
1128 2613 1197 2682 quod
1209 2613 1274 2667 The-

95 2697 214 2752 mistius
233 2695 260 2748 iu
276 2697 323 2748 illa
349 2696 464 2748 oratione
483 2696 620 2766 praedicat,
647 2697 779 2766 eliquanto
799 2703 859 2748 ante
878 2694 1068 2748 Antiochenam
1086 2697 1150 2750 illud
1167 2698 1274 2764 editum,

93 2800 165 2835 cum
180 2779 267 2834 adhuc
280 2779 386 2833 Plaoilla
398 2782 502 2845 vireret,
515 2785 544 2833 ut
555 2798 588 2833 ex
601 2781 718 2834 oratione
729 2781 787 2852 ipsa
799 2787 907 2834 constat.
927 2779 986 2834 Non
999 2783 1070 2852 potui
1081 2789 1134 2836 tam
1146 2783 1274 2838 illustrem

94 2866 257 2930 historiam,
284 2873 389 2936 tamque
415 2866 574 2919 luculentam
601 2866 635 2918 ad
652 2865 824 2919 Themistium
850 2873 969 2920 nostrum
987 2869 1161 2922 accessionem
1180 2871 1274 2922 tacitus

93 2951 323 3024 praetermittere.
358 2949 566 3006 Commodianam
579 2957 675 3016 eutem,
688 2951 733 3005 ubi
745 2949 812 3004 hena
828 2952 982 3018 intereram,
1001 2953 1096 3016 locum,
1114 2970 1194 3024 quam
1206 2953 1275 3008 huna

51 3106 54 3112 Ι
93 3039 196 3108 ipsum
212 3033 294 3090 habui
308 3037 417 3089 nullum.
453 3037 524 3090 Alter
542 3053 594 3090 non
613 3045 666 3089 tam
684 3037 749 3090 ritus
772 3053 850 3106 quem
874 3038 972 3090 rituum
993 3053 1024 3090 ac
1045 3037 1196 3110 disciplinae
1219 3057 1275 3094 cor-

93 3121 212 3194 ruptela
230 3119 288 3186 init,
317 3127 347 3174 ut
371 3122 463 3176 iisdem
489 3121 581 3174 diebus
607 3121 800 3176 catechumenis
822 3123 1026 3177 extraordinaria
1044 3124 1173 3194 quaedam
1190 3141 1276 3180 sacra·

92 3213 200 3262 menta
218 3205 435 3275 permitterentur.
470 3207 541 3271 Quae
559 3209 707 3278 cujusmodi
724 3207 830 3272 fuerim,
848 3207 964 3262 nondum
981 3209 1072 3280 liquet
1106 3209 1136 3263 ln
1154 3209 1275 3282 Garthag.

93 3292 218 3364 quidem
236 3289 314 3344 Cone.
327 3311 366 3346 m.
384 3293 462 3346 Cane.
474 3312 499 3346 ν.
517 3311 575 3347 mos
591 3294 635 3346 ille
653 3295 796 3365 abrogatur
814 3291 854 3347 his
871 3295 969 3347 uerbis:
988 3295 1052 3347 Item
1064 3296 1215 3365 plauditur
1227 3316 1277 3367 per

92 3381 296 3432 solemnissimos
309 3377 450 3448 paschales
468 3381 522 3431 dies
539 3390 725 3432 sacramentam
744 3381 995 3432 catechumenisque
1013 3382 1093 3444 detur,
1111 3386 1163 3434 aiei
1178 3384 1275 3435 salitam

92 3467 151 3518 eal.
195 3463 267 3523 Quia
284 3467 309 3514 si
318 3465 410 3534 fideles
428 3471 483 3534 'per
499 3467 556 3517 iilos
575 3469 629 3518 dies
646 3475 810 3518 sacramenta
829 3484 877 3518 noa
894 3475 998 3530 mittunt,
1028 3484 1073 3518 aea
1091 3467 1277 3520 catechumenia

91 3557 207 3622 oportet
230 3559 335 3601 mertare.
370 3549 436 3602 Cum
459 3551 498 3603 eal
523 3549 714 3604 catechumenis
732 3551 850 3620 praeberi
871 3559 1025 3604 consuetum
1047 3559 1128 3618 esset,
1155 3560 1277 3624 appeten·

93 3637 180 3690 tibus
193 3632 328 3704 paschatis
341 3634 413 3688 feriis
425 3636 655 3689 extraordinarium
669 3636 791 3705 quiddam
805 3653 958 3690 concessum
970 3637 1021 3689 illis
1034 3645 1081 3690 est.
1118 3637 1177 3692 Nou
1189 3640 1277 3708 utique

95 3719 281 3784 eucharistia,
299 3737 347 3772 nec
364 3721 434 3794 enim
452 3727 552 3774 tantum
570 3721 709 3774 insaniisse
728 3737 876 3791 quenquam
894 3722 1011 3776 arbitror.
1046 3721 1137 3794 Neque
1154 3740 1214 3778 veru
1232 3740 1278 3794 per

92 3811 305 3861 sacramentum
324 3805 435 3874 intelligi
453 3813 515 3876 puto
533 3805 696 3875 symbolum,
723 3805 768 3858 sed
786 3823 878 3876 panem
897 3807 983 3878 ipsum
1002 3823 1031 3860 aa
1051 3809 1152 3874 vinum,
1174 3825 1208 3861 ex
1226 3823 1276 3878 quo

95 3889 274 3946 eucharistia
291 3895 440 3944 consecrata
457 3891 550 3945 iuerat.
586 3889 653 3943 Nam
670 3891 796 3962 reliquiae
812 3893 887 3962 panis
906 3893 1014 3957 etvini,
1040 3909 1108 3962 quae
1125 3909 1141 3946 a
1157 3893 1277 3947 fidelihus

93 3979 134 4032 ad
168 3975 328 4028 sacrificium
347 3976 530 4029 celebrandum
557 3977 645 4031 oblata
670 3976 785 4040 fuerant,
812 3993 1000 4046 nonuunquam
1024 3978 1052 4030 in
1078 3977 1277 4031 catechumenos

94 4061 344 4117 distribuebantur.
379 4059 453 4124 Quod
471 4062 585 4132 amplius
608 4062 727 4132 usurpari
745 4067 817 4114 vetet
833 4061 990 4132 Theophilus
1009 4063 1083 4118 Alex.
1096 4063 1230 4118 Gemma:
1248 4062 1278 4114 τὰ

92 4145 296 4220 πρσςφερόμενα
309 4141 339 4206 τίς
352 4145 428 4216 λόγον
441 4145 523 4207 θυσίας
536 4147 596 4216 μετὰ
608 4149 657 4198 τῶν
666 4145 864 4218 ἀναλισκομένων
884 4143 914 4208 εἰς
927 4146 969 4215 τὴν
982 4150 1031 4199 τῶν
1044 4148 1182 4218 μυστηρίων
1194 4147 1278 4220 χρείαν

92 4234 121 4288 oi
148 4229 267 4312 xilqpmoi
286 4227 503 4302 διανειμᾶσθωσαν,
530 4230 570 4283 καλ
599 4233 660 4302 μήτε
677 4233 855 4304 κατεχοθμανος
873 4229 899 4284 ἐκ
920 4233 1014 4284 τούτων
1031 4231 1130 4285 ἐσθιέτω
1147 4234 1163 4300 ἢ
1181 4231 1278 4305 πινέτω,

92 4315 174 4373 ἀλλὰ
194 4313 292 4386 μᾶλλον
311 4315 333 4368 oi
350 4316 469 4388 κληρικολ,
487 4316 527 4368 καλ
545 4314 567 4368 oi
585 4316 629 4368 σίνν
647 4317 729 4378 αὐτοῖς
748 4318 828 4369 πιστοί
850 4313 958 4388 ἀδελφοί.
993 4317 1033 4372 Διί
1050 4335 1127 4390 quem
1146 4319 1278 4374 (iwanum

92 4407 236 4462 Balsama
254 4401 356 4455 scribit:
375 4401 525 4456 Oblationes
544 4401 602 4456 illas
620 4419 715 4474 penem
733 4409 760 4457 et
771 4405 861 4458 vinum
873 4420 944 4469 esse,
962 4421 996 4457 ex
1008 4405 1103 4476 quihus
1115 4411 1202 4476 partes
1219 4407 1279 4460 illae

91 4495 233 4560 sumptae
251 4493 313 4540 eunt
332 4487 547 4558 (puplicarum,
566 4487 604 4542 uti
617 4489 709 4543 Graeci
720 4488 801 4543 ferme
813 4489 1015 4558 consueverunt)
1033 4506 1127 4561 quasa
1143 4491 1278 4544 sacerdote

92 4578 305 4631 consecrantur.
340 4571 378 4626 Ex
405 4591 457 4644 qno
482 4573 512 4627 tit
540 4581 568 4627 nt
593 4576 717 4646 reliquiae
743 4576 815 4646 ipsae
833 4575 1024 4646 quodammodo
1041 4576 1201 4630 sanctificate
1217 4578 1278 4640 sint,

1083 4661 1128 4718 X.
