3126 5046
315 295 474 352 CCXXXIV

312 453 382 506 tibus
394 451 543 522 digerendis
553 451 693 522 qu'raquam
704 467 771 506 unus
784 467 843 506 cum
855 453 936 507 altero
948 453 1085 508 comentit.
1119 449 1211 522 ltaque
1226 449 1381 522 ροιρὶοιοιιι
1396 457 1421 504 et
1432 451 1471 506 ia·

311 537 433 590 trioatum
451 543 535 590 toturn
557 536 629 590 istud
648 538 783 607 negotium
803 543 850 591 eet
884 537 999 592 Probum
1016 553 1047 592 ac
1063 536 1202 592 Paulinum
1220 554 1287 592 coss.
1306 535 1471 592 Cassiodorus

313 623 416 676 Aurelio
433 638 463 676 ac
478 623 629 677 Marcellino
647 639 714 676 coss.
726 623 838 685 subiicit,
872 622 944 676 Fasti
959 622 1042 678 Siculi
1056 629 1117 694 post
1127 623 1296 676 Aurelianum
1307 639 1337 676 ao
1349 621 1471 676 hlarcslli-

312 724 376 762 num
387 708 506 762 Tacitum
517 715 544 760 et
551 708 725 762 Aemilianum
737 707 878 774 collocant,
891 709 986 777 quibua
997 707 1111 763 Probum
1121 708 1310 778 Paulinumque
1320 708 1472 772 subtexunt,

312 810 379 865 quos
395 793 549 864 posteriores
562 793 685 848 Cnufriue
701 793 796 848 iniuria
812 794 985 864 praetermisit
1001 792 1175 864 seductusque
1192 793 1307 848 credidit
1340 792 1408 846 llam
1425 809 1471 863 pro
1492 803 1497 810 '

314 879 449 934 ordinariis
459 880 487 934 in
499 879 620 932 omuibus
629 877 714 932 Fastis
726 885 912 950 agnoscuntur.
929 879 982 933 Sed
992 879 1016 932 si
1027 885 1089 934 aute
1098 879 1216 934 Tacitum
1224 898 1254 934 ιι.
1265 885 1294 933 et
1300 879 1471 934 Aemilianum

312 971 449 1036 ponantur,
462 965 494 1018 ad
506 965 637 1018 Aureliani
648 965 801 1034 imperinm,
811 981 865 1018 non
877 964 967 1030 Probi,
979 965 1154 1036 pertinebunt
1171 964 1284 1035 ideoque
1294 965 1472 1018 inAnnalibns

311 1050 499 1104 Ecclesiasticis
517 1067 577 1104 cum
593 1050 725 1104 Aureliani
739 1067 785 1104 vu.
802 1055 1001 1120 componuntur,
1018 1067 1087 1104 anno
1102 1049 1198 1104 Christi
1209 1049 1266 1104 277.
1299 1049 1403 1104 Etenim
1416 1056 1473 1120 post

312 1135 482 1190 Aurelianum
493 1131 599 1190 Tacitus
610 1136 736 1206 seqnitur,
749 1136 794 1205 qui
804 1136 909 1190 nonnisi
919 1136 1055 1190 mensibus
1067 1154 1101 1190 vr.
1114 1136 1251 1207 imperinm
1262 1135 1355 1190 tenuit.
1378 1135 1471 1190 Secun-

312 1221 375 1276 dum
388 1237 465 1292 quem
476 1227 579 1274 creatus
591 1227 632 1274 est
642 1221 749 1275 Probus.
781 1218 856 1284 Quod
870 1221 893 1274 ei
908 1227 969 1291 poet
979 1221 1099 1275 Tacitum
1111 1226 1138 1275 et
1148 1222 1322 1274 Aemilianum
1333 1221 1433 1276 Probus
1443 1237 1472 1274 ao

312 1307 438 1362 Paulinus
454 1307 653 1370 substituantur,
670 1307 723 1360 iam
737 1306 795 1360 istie
813 1321 880 1360 coss.
892 1305 993 1360 Probus
1008 1307 1149 1377 imperator
1159 1323 1257 1360 mnam
1268 1306 1374 1377 inperii
1385 1322 1472 1360 uana·

314 1391 376 1447 dnm
392 1391 490 1456 inierim
508 1391 577 1462 quod
591 1391 696 1446 Eusebii
709 1390 898 1462 Chronologiae
915 1398 1120 1446 consentaneum
1138 1398 1191 1456 est,
1208 1393 1255 1462 qui
1271 1407 1341 1446 anno
1358 1391 1436 1446 Probi
1446 1409 1472 1446 ra.

313 1476 525 1534 Manichaeorum
537 1477 665 1546 originem
676 1479 803 1546 assignat.
833 1475 908 1540 Quod
919 1477 1029 1532 fortame
1041 1479 1126 1532 serius
1139 1483 1186 1532 ast.
1211 1477 1263 1532 Sed
1274 1478 1301 1530 in
1314 1476 1418 1532 Ouutrrt
1428 1475 1472 1530 rc

314 1562 361 1616 etis
372 1562 423 1616 duo
434 1563 462 1616 in
470 1562 548 1616 Probi
556 1563 719 1632 imperatoris
728 1563 803 1616 annis
813 1563 912 1616 onrima
919 1569 982 1616 sunt
989 1563 1062 1633 paria
1071 1581 1149 1628 cose,
1161 1577 1312 1632 quanquam
1323 1563 1351 1616 in
1362 1563 1473 1633 superio·

313 1648 386 1702 rihus
399 1647 474 1702 annis
492 1664 573 1702 unum
590 1655 810 1718 compensaverat.
844 1648 885 1702 Ita
901 1665 954 1702 uuo
971 1648 1100 1702 duntaxat
1116 1665 1185 1702 anno
1203 1648 1320 1713 sublato,
1338 1663 1400 1700 cum
1416 1663 1473 1700 aera

313 1733 476 1802 Dionysiana
486 1733 646 1798 conciliatur,
663 1731 732 1804 qnod
747 1733 864 1804 plerique
879 1733 951 1787 Pasti
968 1734 1104 1804 expunctis
1122 1733 1223 1788 duobus
1240 1733 1420 1788 consulatibus
1431 1732 1473 1786 ob-

313 1819 405 1874 tinent.
439 1819 478 1872 Da
497 1835 547 1888 quo
566 1819 631 1872 alins
648 1820 826 1888 opportunius.
862 1817 945 1882 Quam
962 1818 1072 1872 absurde
1090 1819 1121 1873 de
1137 1819 1212 1872 initio
1223 1818 1302 1872 Probi
1313 1819 1472 1888 imperatoria

313 1905 449 1960 Emendat.
462 1905 552 1974 Temp.
564 1903 608 1957 lib.
619 1921 643 1958 v.
655 1902 769 1973 disputet
781 1903 907 1974 Scaliger,
919 1921 966 1958 suo
978 1905 1036 1959 loco
1049 1905 1208 1960 discutietur.

380 1991 421 2044 Ad
432 1989 626 2052 dimisissem,
641 1989 696 2042 eive
708 1989 852 2054 hlauetem,
868 1989 938 2060 quod
949 1991 1053 2056 attinet,
1069 1991 1156 2044 variae
1167 1989 1216 2044 sub
1227 1990 1297 2044 idem
1307 1989 1364 2044 iere
1375 1995 1473 2060 tempus

314 2077 463 2146 eruptiones
471 2075 583 2128 monstri
590 2074 660 2127 illius
668 2073 785 2138 inerunt,
797 2081 824 2128 et
834 2075 983 2146 insignibus
993 2076 1103 2130 alicuius
1111 2075 1235 2130 iminoris
1242 2076 1314 2128 notis
1325 2075 1472 2128 celebratae

314 2160 387 2224 Quae
399 2175 493 2214 caussa
504 2159 565 2224 fuit,
582 2175 628 2212 cur
643 2176 697 2214 non
707 2159 800 2214 iisdem
811 2161 1011 2231 imperatoribus
1022 2167 1099 2230 atque
1111 2177 1178 2214 coss.
1190 2159 1305 2214 haeresis
1316 2160 1393 2214 istius
1404 2160 1472 2228 origo

314 2245 487 2300 mandaretur.
522 2244 552 2298 In
570 2245 646 2298 annis
664 2243 759 2298 Christi
773 2246 878 2315 lougius
896 2245 1036 2300 abhorrent
1051 2245 1211 2317 Epiphanius
1227 2251 1254 2299 ct
1263 2245 1317 2299 Leo
1329 2246 1367 2300 hl.
1377 2245 1472 2298 Probus

315 2331 385 2384 enim
397 2345 427 2384 ac
439 2328 562 2384 Paulinus
574 2345 641 2383 coss.
653 2329 772 2384 incidunt
786 2331 815 2384 in
826 2348 925 2386 annum
941 2333 996 2386 iere
1007 2331 1102 2386 Christi
1115 2332 1171 2387 277.
1183 2333 1211 2386 in
1228 2347 1289 2384 aera
1304 2331 1472 2400 Dionysiaoar

316 2433 368 2488 quo
380 2433 413 2469 ex
426 2432 534 2469 numero
546 2433 611 2469 nar
621 2415 697 2470 anuis
709 2415 824 2470 deductis
837 2416 887 2470 ete
898 2419 962 2472 anni
974 2419 1069 2488 reliqui
1084 2423 1146 2471 sunt
1160 2417 1193 2470 ab
1205 2417 1360 2470 ascensione
1372 2415 1473 2480 domini,

314 2501 425 2556 totidem
432 2501 543 2566 scilicet,
554 2506 660 2571 quotes
670 2501 781 2554 aliorum
789 2503 916 2556 sententia
924 2503 1066 2574 posteriore
1075 2505 1103 2556 in
1112 2519 1220 2556 numero
1229 2502 1304 2572 pouit
1309 2501 1472 2572 Epiphanius

314 2587 409 2642 Prioris
420 2593 509 2642 autem
519 2585 618 2658 epoche
629 2602 683 2640 non
694 2583 743 2638 dat
755 2589 797 2653 τῆς
808 2583 965 2658 ἀναλήψεως,
978 2588 1024 2642 sed
1032 2585 1081 2640 derb
1090 2591 1133 2654 τῆς
1142 2587 1300 2658 solidiorem,
1312 2588 1355 2641 rei
1363 2586 1472 2657 perimor

314 2672 471 2728 arcessenda
481 2672 590 2728 ridetur.
614 2672 732 2742 Denique
744 2673 813 2742 apud
824 2672 938 2727 Leonem
950 2691 997 2744 pro
1010 2689 1088 2728 eous.
1099 2673 1240 2744 legendnm
1251 2687 1331 2727 ccsr..
1358 2672 1426 2728 llam
1434 2687 1471 2724 ro·

314 2759 412 2814 tnndus
423 2758 465 2812 hic
476 2775 598 2812 numerus
611 2764 651 2812 est
667 2755 791 2812 aChristi
808 2759 961 2813 ascensione
979 2759 1112 2813 deductus.
1147 2759 1284 2812 Caeterum
1301 2775 1335 2812 ex
1353 2757 1402 2811 hac
1417 2757 1471 2827 Epi·

314 2843 404 2916 phanii
413 2845 549 2914 putatione
560 2862 613 2899 non
624 2843 788 2898 mediocriter
799 2843 839 2910 id,
858 2844 927 2914 qnod
943 2861 1025 2914 snpra
1040 2845 1142 2915 plenius
1155 2844 1329 2908 ostendimus,
1347 2843 1471 2904 astruitrm

314 2929 411 2986 Christi
421 2930 519 2984 domini
530 2931 681 3001 passionem
694 2935 720 2982 et
730 2930 910 2984 ascensionem
920 2929 948 2984 in
959 2929 1089 2984 Iulianum
1101 2949 1190 2984 nrxrr.
1202 2930 1343 2982 incurrere.

382 3015 428 3068 Kal
439 3011 488 3067 cirri
500 3016 568 3084 τότε,
581 3015 621 3066 acl
633 3014 679 3075 ἕως
692 3014 782 3086 δεῦρο]
806 3015 836 3068 ln
849 3013 969 3068 chronico
981 3014 1119 3086 Nicepheri
1130 3031 1177 3086 pro
1189 3015 1285 3079 Baaae,
1297 3013 1403 3068 Zabdas
1413 3013 1471 3082 legi·

313 3107 364 3156 mr.
387 3100 453 3152 ltern
462 3117 508 3170 pro
517 3100 649 3165 Maximo,
660 3100 850 3164 Maximianum
862 3116 1007 3171 perperam.
1025 3101 1143 3154 Maximo
1149 3100 1260 3169 Cyrillua
1272 3101 1413 3164 successit,
1425 3113 1471 3168 quo

314 3186 348 3239 ab
360 3185 463 3238 Arianis
478 3191 587 3238 extruso
599 3186 649 3254 (ait
664 3183 836 3255 Nicephorusl
853 3191 907 3238 tres
922 3187 979 3240 eius
996 3187 1054 3240 loco
1073 3185 1161 3240 ordine
1179 3186 1328 3252 subrogati,
1347 3186 1472 3246 Arseuiue¹

313 3271 459 3337 Heraclius,
475 3271 596 3324 llilarius.
630 3270 723 3324 Postea
734 3269 847 3340 Cyriliue
862 3271 890 3324 in
902 3271 992 3325 sedem
1002 3272 1137 3326 restitutus
1148 3270 1277 3324 secundae
1288 3271 1391 3340 synodo
1401 3273 1474 3324 inter·

313 3356 364 3410 lnit
376 3355 500 3410 Gratiano
511 3357 662 3426 imperante.
690 3355 760 3408 Haec
777 3354 947 3426 Nicephorus.
981 3357 1085 3410 Hieron.
1097 3357 1125 3410 in
1136 3357 1317 3426 supplemento
1330 3355 1440 3426 Cyrilloa
1450 3371 1473 3406 rr

314 3448 450 3496 enumerat
460 3447 520 3512 post
530 3443 685 3496 Maximum.
701 3441 767 3494 Aliis
778 3457 860 3496 unum
871 3459 918 3512 per
928 3459 960 3496 ea
970 3443 1219 3514 temporaCyrillum
1227 3441 1309 3494 inisse
1318 3443 1423 3512 placuit
1440 3440 1474 3494 De

315 3543 369 3597 quo
380 3525 533 3580 consulendi
543 3528 657 3581 Annales
668 3525 811 3580 Beroniani
822 3543 846 3582 a.
860 3543 949 3581 occur.
973 3528 1066 3598 Agitur
1077 3535 1104 3580 et
1115 3527 1146 3580 de
1159 3527 1255 3596 Cyrillo
1266 3525 1338 3580 haer.
1351 3543 1442 3582 usur.

214 3616 288 3668 olea
383 3611 700 3679 &cdsscdloieoteffirl
734 3613 848 3666 Probum
865 3613 1049 3683 imperatorem
1064 3613 1238 3683 praetermisit
1253 3611 1296 3666 hic
1311 3612 1476 3684 Epiphanius,

315 3715 350 3752 an
360 3697 496 3763 librarius,
508 3713 587 3768 quens
597 3697 643 3752 lib.
656 3697 688 3750 de
699 3696 779 3752 Pond.
792 3703 921 3764 recenset,
934 3699 1010 3769 eique
1022 3714 1104 3752 annor
1117 3715 1165 3752 sex
1177 3705 1203 3751 ct
1214 3713 1319 3752 menses
1331 3698 1397 3752 dnos
1408 3697 1476 3750 attri-

316 3784 386 3847 buito
403 3782 543 3837 Aureliano
560 3799 622 3837 sero
639 3799 722 3836 annos
734 3801 750 3836 r
761 3799 866 3836 meuses
878 3799 917 3846 vr,
935 3791 999 3853 quot
1010 3783 1117 3838 Eusebii
1128 3781 1267 3837 chronicon
1278 3791 1406 3838 numerat
1439 3781 1476 3834 De

316 3887 369 3940 qua
382 3885 411 3923 re
428 3885 477 3922 suo
489 3869 546 3922 loco
560 3867 713 3922 ridebimus.
746 3867 786 3922 Ita
797 3869 930 3922 Aureliani
941 3874 1047 3938 quarto,
1060 3867 1144 3922 Probo
1156 3874 1183 3922 et
1193 3868 1303 3922 Paulino
1315 3886 1384 3924 cose.
1396 3866 1475 3922 mri-

315 3953 454 4009 ehaeorum
465 3953 580 4008 haeresis
592 3955 703 4006 emersit.

383 4039 428 4101 Ὧς
439 4032 498 4091 clear
509 4035 558 4091 dub
571 4043 615 4091 τοῦ
628 4037 752 4109 εἰρημένου
764 4036 856 4107 hidem]
874 4039 965 4094 Amne
977 4038 1032 4105 hio,
1044 4055 1095 4110 quo
1106 4039 1171 4094 haec
1182 4040 1409 4094 commentabatur
1418 4036 1476 4108 apt·

315 4123 439 4194 phanias,
452 4123 547 4178 Christi
556 4130 596 4178 est
606 4139 748 4178 cccuaxrr.
765 4125 876 4178 Valente
887 4125 978 4195 imper.
988 4143 1012 4178 r.
1026 4129 1054 4178 st
1060 4125 1243 4180 Valentiniano
1254 4124 1360 4180 iuniore
1372 4143 1400 4180 rr.
1409 4137 1475 4176 coss.

316 4225 376 4262 cum
391 4211 523 4280 superiore
538 4226 608 4264 anno
624 4215 742 4263 mortuus
760 4217 829 4264 esset
839 4210 1037 4264 Valentinianus
1052 4212 1147 4276 senior,
1161 4217 1223 4281 post
1237 4211 1402 4264 consulatum
1414 4207 1475 4263 err-

316 4293 381 4346 tiaui
392 4311 431 4349 m.
443 4301 470 4348 et
480 4295 585 4364 liquitii.
606 4295 726 4348 Mortuus
734 4301 775 4350 est
784 4295 1059 4350 scinderentur.
1071 4296 1183 4367 expletis
1193 4297 1222 4350 in
1232 4295 1345 4366 imperio
1355 4295 1429 4350 annia
1437 4307 1475 4346 su

315 4378 403 4432 minus
416 4379 435 4432 C
447 4379 547 4435 diebus.
583 4379 668 4443 Quare
680 4381 847 4450 castigandus
859 4381 992 4446 Socrates,
1009 4382 1054 4451 qni
1071 4397 1154 4436 annos
1166 4399 1217 4436 ιιιι
1227 4383 1371 4450 imperasse
1381 4377 1475 4438 scribit»

317 4463 387 4533 quod
404 4479 569 4533 nequaqnam
585 4466 709 4536 procedit.
743 4465 810 4520 Nam
826 4467 912 4537 coepit
923 4483 992 4520 anno
1004 4481 1129 4521 occurre.
1141 4472 1202 4537 post
1213 4467 1355 4521 biscoctum.
1387 4465 1473 4532 ltaque

317 4563 402 4600 annus
418 4561 495 4600 aerae
510 4547 685 4617 Dionysiacos
698 4567 840 4606 occursus.
849 4551 967 4606 Valentis
982 4556 1025 4604 est
1038 4569 1105 4617 sorr..
1123 4551 1241 4607 Gratiani
1256 4568 1318 4606 vero
1329 4569 1366 4608 rx.
1378 4549 1472 4608 exient·
