3126 5046
1179 329 1288 388 oum

129 484 196 542 Itsur
206 485 387 541 cenarum.
406 486 568 550 Paenitentss,
580 489 624 556 qui
633 489 660 539 r'n
672 488 817 557 infirmitate
825 489 945 540 oicn'curn
955 486 1127 540 woborinice
1135 491 1288 557 occeperint,

129 589 178 625 nors
187 589 214 624 se
224 573 332 624 credunt
340 572 464 624 absolutos
472 576 525 624 sine
534 591 623 624 monus
631 576 794 642 impositione,
803 575 827 623 σι’
834 575 1027 641 supervixerint.
1042 571 1071 624 In
1081 571 1189 626 constit.
1199 575 1289 644 sipost.

128 657 174 710 lib.
184 673 213 710 rr.
227 671 283 726 cap.
293 673 346 710 rur.
358 654 374 721 b
386 655 523 726 perpetrata
534 657 725 728 poenitentibus
737 653 788 707 ἀντὶ
797 660 841 708 τοῦ
853 655 992 726 interpretor
1004 673 1061 709 essa
1069 657 1169 710 dicitur.
1185 660 1288 712 Atvsro

127 757 225 796 manns
237 741 369 811 impositio
381 743 485 812 propria
496 745 538 808 τῆς
550 740 715 802 ὕποπτώσιως
726 742 808 796 fnisse
819 741 926 795 ridetur.
956 741 1012 806 Quo
1023 731 1145 812 in'grarln
1156 745 1289 813 poeniten·

127 832 168 879 tes
187 827 236 880 sub
255 827 370 898 episcopi
388 843 480 882 manus
499 828 634 892 subibant;
652 827 721 882 unde
738 831 780 894 τῆς
796 826 960 887 brumbam<
972 828 1128 881 uocabulum
1143 827 1288 882 deductum.

127 913 215 980 Atque
226 910 275 966 boo
288 920 348 966 ante
359 919 517 982 postremam
530 913 720 966 absolutionem
732 929 762 965 ac
770 913 1007 966 reconciliationem
1016 914 1121 983 saepius
1129 913 1289 967 incumbant.

129 995 160 1050 In
172 997 276 1050 Laudic.
290 996 353 1052 Gan.
362 1015 418 1053 xrx.
431 999 476 1051 ubi
486 999 650 1068 liturgiarum
662 998 872 1052 celebrandarum
884 999 967 1052 torma
978 999 1169 1068 praescribitur,
1181 997 1289 1068 περὶτοῦ

129 1082 179 1134 aar
197 1079 246 1152 ἰδίᾳ
262 1086 360 1154 πρῶτον
377 1079 438 1152 μετὰ
453 1080 495 1144 τὰς
513 1081 608 1154 ὁμιλίας
626 1086 675 1135 τῶν
687 1081 827 1135 ἐπισκόπων
839 1082 879 1134 ani
891 1084 940 1134 τῶν
952 1083 1142 1154 πατηχονμένων
1155 1083 1229 1155 εὐχὴν
1240 1081 1290 1136 ἔπι·

130 1166 262 1236 uelantur,
275 1167 315 1220 act
326 1167 386 1238 perir
395 1168 423 1220 rb
433 1167 535 1229 ἐξελθῆν
544 1167 600 1229 τοὺς
610 1167 814 1238 κατηχσνμίνους,
827 1171 876 1220 τῶν
885 1166 909 1220 ἐν
919 1167 1033 1239 μετανοίᾳ
1042 1167 1084 1235 τὴν
1092 1167 1167 1239 εὐχὴν
1176 1169 1290 1239 γίνεσθαι,

131 1252 172 1304 aul
183 1253 278 1304 coires
291 1253 472 1322 προςτλθόντων
482 1252 528 1306 ὑπὸ
539 1257 618 1324 χεῖρα,
631 1253 671 1305 ani
680 1249 904 1324 ὑποχωρησάντων,
917 1253 995 1314 οὕτως
1004 1252 1046 1314 τὰς
1058 1251 1130 1325 εὐχὰς
1140 1256 1189 1306 τῶν
1199 1259 1290 1307 πιστῶν

129 1335 238 1408 γίνεσθαι
250 1341 320 1410 τρεῖς.
355 1337 505 1409 Agathense
517 1337 596 1394 Oeno.
609 1337 673 1394 Can.
683 1355 726 1394 rr.
755 1339 913 1392 Poenitentes
924 1350 1044 1409 ternpore,
1057 1358 1103 1408 quo
1110 1345 1291 1410 poenitentium

126 1433 228 1494 petunt,
240 1428 421 1494 impositionem
433 1443 548 1478 munuum
561 1433 586 1476 et
597 1425 707 1476 cilicium
718 1442 795 1494 super
804 1434 883 1494 caput
891 1445 907 1477 o
916 1427 1055 1488 sacerdote,
1063 1427 1225 1497 sicutubs'que
1233 1443 1291 1479 coa·

128 1513 242 1562 stitutum
254 1519 303 1574 est,
317 1519 507 1579 consequantur.
542 1510 608 1563 Item
625 1508 791 1579 Carthagm.
809 1509 870 1564 Onu.
884 1527 962 1566 cxxx.
1000 1511 1192 1581 omnitempore
1202 1515 1292 1566 {murrii

129 1597 410 1664 manaspcem'tentr'tns
422 1616 439 1648 a
448 1595 622 1648 sacerdotibus
632 1599 785 1665 imponatur.
802 1593 892 1663 ltaque
904 1611 962 1648 cnm
975 1597 1008 1648 ab
1020 1595 1159 1648 ὑποπτώστι
1170 1597 1203 1650 ad
1214 1613 1291 1667 quar-

131 1686 189 1734 tum
202 1680 320 1734 ordinem
332 1695 362 1733 ac
373 1687 534 1751 postremum
545 1681 700 1749 migrarent,
710 1679 843 1749 probabile
856 1685 895 1732 est
903 1697 949 1750 per
962 1681 1153 1750 impositionem
1166 1697 1292 1736 mannum

130 1767 346 1819 sacramentalem
356 1766 407 1818 illis
420 1765 609 1819 absolutionem
621 1765 779 1835 impertitam
789 1763 878 1818 inissa.
914 1763 1004 1834 Neque
1019 1766 1101 1830 enim,
1119 1767 1186 1837 quod
1201 1769 1291 1833 solam,

130 1851 232 1921 antiqui
243 1866 356 1904 canones
368 1857 428 1922 post
439 1852 554 1903 sioraco
566 1850 757 1921 poenitentibus
768 1850 917 1920 impositam
929 1867 986 1903 esse
998 1851 1158 1921 significant,
1175 1851 1221 1906 secl
1233 1867 1291 1906 eam

129 1935 323 2006 impositionem
341 1951 400 1989 cum
419 1935 559 1988 troarnen
576 1937 744 2006 coniungunt.
781 1935 852 2000 Quae
868 1936 1015 1990 coniectura
1028 1938 1053 1990 'si
1064 1939 1105 1990 cui
1116 1937 1225 1992 forsitan
1236 1938 1291 2008 pla·

132 2022 229 2086 cuent,
247 2021 279 2074 acl
295 2022 421 2074 nonnulla
432 2029 535 2092 patrum
547 2023 605 2076 loca
623 2021 755 2076 nanneni
772 2021 1013 2094 accommodarique
1029 2025 1135 2093 poterit,
1151 2024 1179 2076 in
1195 2022 1291 2092 quibua

129 2107 291 2178 poenitentia
303 2107 358 2159 sins
371 2109 552 2162 communione
565 2108 640 2162 certis
652 2108 832 2178 peccatoribus
848 2123 971 2162 concessa
986 2109 1089 2178 legitur.
1123 2107 1157 2162 Ut
1174 2125 1233 2162 cum
1250 2108 1291 2162 ln·

130 2193 268 2245 nocentius
279 2208 349 2262 papa
360 2193 456 2258 scribit,
469 2195 530 2247 olim
543 2193 583 2258 iis,
596 2193 641 2264 qui
651 2194 886 2247 reconciliationem
899 2195 948 2248 sub
958 2201 1103 2250 extremum
1111 2201 1214 2265 tempus
1224 2195 1292 2247 ritae

130 2279 313 2348 postulabant,
331 2284 428 2348 negata
445 2279 639 2342 communione,
657 2295 808 2332 concessam
826 2295 882 2332 esse
898 2280 1091 2350 poenitentiam.
1126 2280 1192 2334 Nam
1203 2279 1292 2352 posui·

130 2364 228 2416 tentiae
239 2363 345 2416 nomine
357 2365 551 2418 sacramentalis
563 2365 692 2418 absolutio
707 2371 794 2435 potest
808 2365 917 2436 intelligi
934 2381 1013 2435 qnam
1027 2367 1091 2420 citra
1103 2367 1226 2420 dominici
1236 2381 1292 2420 cor·

130 2449 202 2519 poris
214 2449 438 2520 participationem
450 2451 651 2521 impetraverint
682 2451 826 2522 Cyprianus
843 2451 949 2520 insuper
966 2451 1046 2521 Epist.
1061 2469 1106 2516 xa,
1123 2461 1181 2505 onte
1198 2462 1293 2517 cctam,

131 2535 231 2604 inquit,
240 2539 432 2605 poenitentium,
451 2547 509 2589 cale
520 2537 716 2606 erbomoloqesr'n
726 2539 875 2604 praeism'mr'
890 2545 964 2606 utque
975 2541 1079 2589 extremi
1089 2539 1177 2590 delicti
1179 2541 1292 2606 sorriana,

132 2629 192 2672 onte
204 2639 303 2672 monum
316 2621 348 2673 ab
362 2625 477 2692 episcopo
489 2629 514 2673 ct
524 2623 591 2674 clero
602 2625 629 2673 r'n
639 2626 818 2691 poenitentium
830 2625 979 2690 r'rnpusr'tnm.
1014 2621 1053 2674 Ibi
1070 2622 1229 2691 popnitentia
1245 2637 1292 2691 pro

131 2705 295 2760 absolutione
312 2707 430 2776 usurpari
442 2705 549 2770 ridetur,
567 2711 596 2760 nt
613 2713 639 2758 et
654 2706 716 2759 alibi
733 2707 844 2777 passim,
862 2708 962 2774 quoties
980 2705 1012 2757 de
1028 2706 1239 2759 reconciliatione
1255 2709 1292 2761 lo·

131 2807 216 2862 quens
227 2791 259 2844 iis
271 2791 356 2845 verbis
368 2793 457 2856 utitur,
469 2811 545 2844 mana
557 2796 584 2843 in
593 2796 773 2861 poententiam
785 2795 911 2861 imposito.
939 2791 1065 2854 Quocirca
1075 2792 1102 2844 in
1113 2791 1166 2844 fine
1177 2795 1219 2857 τῆς
1232 2791 1292 2844 ὕπο-

132 2875 251 2938 πτώστως
267 2877 368 2930 ionean
386 2893 478 2930 manus
495 2877 522 2930 in
538 2877 725 2947 poenitentiam
738 2877 860 2946 imposita
871 2875 931 2940 init,
947 2875 996 2928 boe
1012 2881 1053 2928 est
1064 2876 1192 2930 absolutio
1204 2893 1292 2932 moou-
1318 2889 1392 2942 aaut

131 2963 282 3032 ciliatioque
294 2962 355 3015 data
366 2963 571 3032 poenitentibus,
584 2963 621 3014 sic
633 2969 662 3015 nt
672 2963 798 3032 tantisper
809 2977 825 3015 a
837 2961 966 3031 mysteriis
978 2961 1144 3016 abstinerent

200 3047 295 3100 Verum
308 3065 341 3100 ne
353 3047 413 3100 huic
426 3049 588 3100 coniecturae
600 3047 709 3100 nimium
726 3047 866 3112 confidam,
883 3063 964 3100 unum
980 3046 1044 3100 illud
1061 3047 1123 3101 lacit
1139 3049 1208 3119 quod
1219 3053 1292 3104 vatu-
1331 3081 1335 3090 ·

131 3133 241 3186 atissiml
260 3140 358 3203 patras,
376 3133 555 3203 imprimisque
573 3131 716 3203 Cyprianus
734 3139 793 3204 post
813 3133 1008 3204 exomologesin
1026 3139 1220 3205 extremamque
1237 3151 1291 3189 ma·

130 3235 214 3272 nuum
231 3219 424 3288 impositionem
442 3219 529 3272 statim
545 3218 578 3271 ad
594 3219 776 3288 mysteriorum
792 3219 1000 3272 communionem
1018 3220 1059 3272 ins
1070 3217 1192 3274 habuisse
1203 3221 1292 3291 poeni-

131 3311 217 3358 tentes
229 3321 281 3358 non
295 3305 403 3358 obscure
416 3304 602 3357 demonstrant.
620 3304 663 3358 Sic
675 3304 701 3356 in
714 3304 793 3376 Epist
803 3323 828 3358 x.
842 3303 999 3358 ariolorum:
1013 3305 1082 3358 Num
1092 3325 1146 3358 curn
1156 3310 1181 3358 s'n
1190 3311 1292 3360 minori·

132 3389 179 3442 bus
191 3394 309 3459 pcccatis
324 3389 459 3460 (Cypriani
475 3391 553 3444 verba
569 3391 641 3459 sunt)
659 3399 741 3458 cpont
749 3400 901 3460 peccatores
909 3395 1089 3460 poenitentiam
1101 3397 1164 3446 iusto
1176 3403 1292 3463 tempore,

132 3485 157 3528 et
167 3477 301 3528 secundum
315 3477 467 3546 disciplinae
479 3479 590 3528 ordinem
603 3477 640 3528 ud
650 3477 829 3543 exomoloqesin
841 3479 953 3539 cenr'ont,
966 3485 1047 3546 etpcr
1057 3495 1147 3530 monus
1157 3482 1292 3548 imponan-

131 3579 188 3612 nsnr
205 3564 319 3630 episcopa*
335 3571 359 3614 st
376 3563 440 3613 cleri
455 3566 496 3614 ius
513 3565 744 3614 comrnum'cutiorn's
761 3565 907 3631 scorpium,
924 3580 989 3614 nrrnc
1002 3565 1080 3616 crudo
1098 3573 1219 3634 ternpore,
1231 3581 1291 3634 per·

131 3650 259 3698 acutione
271 3647 355 3698 aanor
361 3657 552 3716 perseverante,
566 3649 670 3700 nondnrn
680 3651 798 3699 restituta
808 3648 928 3700 ccc-ctesias
937 3651 1102 3718 r'psr'uspoce‚
1115 3651 1152 3702 ud
1159 3654 1292 3702 communi·

132 3735 257 3784 caticum
270 3733 443 3795 admittuntur,
456 3743 480 3784 et
490 3737 597 3802 offertur
608 3751 692 3786 nomen
705 3751 800 3796 corum,
817 3741 842 3784 et
856 3733 961 3786 ποπάνων
976 3738 1131 3803 poenitentia
1143 3745 1215 3798 octa,
1233 3753 1291 3787 rron-

132 3819 192 3870 dem
204 3817 460 3885 monroloqess'sactc,
474 3821 579 3870 nondum
590 3837 663 3871 manu
674 3823 710 3871 cis
718 3820 750 3870 ab
761 3821 876 3888 episcopo
886 3829 910 3870 ct
918 3821 985 3872 clero
993 3823 1122 3888 r'mposr‘ta,
1134 3819 1292 3874 mclarista'u

131 3903 187 3954 illis
198 3903 284 3955 daur.
314 3901 384 3954 ldcm
397 3903 488 3972 repetit
500 3901 580 3973 Epist.
590 3917 626 3956 xr:
640 3921 669 3956 ac
682 3921 727 3956 xrr.
740 3909 766 3956 et
778 3905 908 3956 sexcentis
921 3903 978 3956 aliis
990 3905 1062 3956 lucis.
1096 3903 1135 3956 Ex
1148 3905 1242 3974 quibus
1255 3905 1292 3958 el-

118 3999 124 4016 '¹
131 3987 227 4050 ficitur,
245 3985 349 4040 nonnisi
367 3993 471 4056 peracta
488 3987 658 4057 poenitentia,
679 3993 705 4041 et
724 3989 773 4041 sub
793 3989 871 4041 finem
893 3985 1029 4048 συστάσεως
1047 3995 1204 4058 postremam
1220 3989 1292 4044 illam

131 4087 260 4126 manuum
276 4072 480 4142 impositionem,
499 4089 550 4142 qua
571 4075 762 4126 sacranrentalis
780 4073 908 4126 absolutio
928 4073 1113 4136 continebatur,
1130 4076 1292 4144 poenitentes

133 4157 288 4212 obtinuisse.
317 4155 386 4209 Nihil
404 4157 472 4210 enim
490 4158 557 4210 inter
573 4173 662 4228 pacem
681 4165 707 4210 et
717 4159 951 4212 reconciliationem
968 4175 998 4211 ac
1015 4159 1196 4228 mysteriorum
1214 4163 1292 4232 parti-

132 4243 303 4314 cipandorum
315 4243 356 4296 lus
372 4241 587 4310 interponendum
601 4243 707 4306 ridetur,
723 4249 748 4296 et
764 4253 899 4314 utromque
916 4245 1104 4297 communionis
1120 4247 1291 4316 appellatione

132 4327 368 4399 comprehenditur.
386 4328 432 4381 ilic
444 4328 524 4398 igitar
533 4325 628 4397 ἐπέχω,
642 4329 724 4400 deque
736 4345 804 4383 aare
818 4331 950 4384 doctorum
962 4335 988 4382 et
999 4331 1160 4400 antiquitatis
1172 4333 1291 4388 ecclesia-

133 4416 214 4470 sticae
228 4415 404 4468 consultorum
416 4412 551 4466 hominnm
563 4413 687 4468 indicium
700 4423 816 4486 expecto.

201 4499 234 4554 N.
249 4517 265 4553 r.
290 4492 368 4561 Οὗτος
382 4496 395 4550 ὁ
408 4497 538 4568 Napaeos]
571 4499 608 4554 De
620 4497 714 4553 Novati
727 4509 751 4555 at
763 4500 897 4555 Noratiani
909 4501 1056 4556 discrimine
1068 4509 1154 4557 actum
1167 4509 1207 4557 est
1217 4505 1290 4560 initio

132 4585 275 4660 superioris
284 4585 416 4641 diatribae.
437 4584 493 4651 Quo
503 4593 618 4658 tempore
627 4601 688 4642 rero
694 4627 701 4656 ,
714 4588 832 4660 quisquis
843 4588 886 4642 ille
896 4594 948 4655 ast,
959 4587 1073 4644 haeresis
1084 4597 1159 4645 antor
1170 4590 1290 4655 exsiluit,
