3138 5044
1209 335 1269 393 clx

106 488 263 560 inquirondo
276 495 433 544 consecutus
447 489 561 556 meram,
578 505 632 546 uon
649 494 679 544 nt
694 490 729 546 ab
744 489 798 544 illis
811 495 931 562 accepta,
949 489 995 545 aed
1012 496 1043 546 nt
1052 506 1069 544 a
1078 505 1122 546 rna
1133 491 1212 546 etiam
1223 507 1270 546 er·

105 577 221 646 cogitata
230 591 382 647 proponere.
1258 619 1261 632 .
1333 640 1337 648 ⁴

173 661 244 731 Ergo
260 662 293 715 ad
310 661 462 716 elevandam
478 660 583 733 losephi
596 661 679 718 tidem
693 678 707 716 e
722 663 811 719 multis
823 663 882 718 eius
892 662 1022 717 erroribus
1033 661 1060 716 hi
1070 662 1142 717 velut
1151 663 1269 734 insignes

106 763 137 801 ae
148 747 269 819 palmarii
279 753 458 802 numerantur.
479 747 596 801 Primum
613 748 683 818 quod
697 753 790 802 exacto
803 747 926 802 Archelao
939 747 1062 812 Quirinus
1073 749 1102 802 in
1113 748 1216 818 Syriam
1226 750 1268 804 Iu·

105 834 252 904 &eamque
261 833 359 888 nrisstu
371 849 429 888 osse
441 833 541 899 dicitur,
553 849 622 887 anno
635 851 735 889 xrrrn.
748 839 808 904 post
818 835 952 888 Actiacum
962 849 1088 905 pugnam
1115 835 1219 898 Versum,
1230 835 1269 888 in-

105 920 176 990 quit,
192 925 218 972 ei
228 919 293 973 haec
309 923 347 974 od
362 931 479 974 wartona
490 929 626 988 temporum
637 923 762 973 cononem
773 921 969 990 reffercusclsu
980 937 1033 974 ease
1039 922 1135 992 procui
1145 921 1219 974 nacto
1230 925 1269 973 in·

104 1010 199 1060 cesten
232 1005 303 1059 Nasu
319 1009 344 1058 si
354 1021 468 1058 numeres
479 1023 559 1058 annos
569 1009 613 1076 qui
623 1009 797 1058 intercurrunt
806 1005 839 1058 cb
851 1006 967 1060 Actiaca
975 1024 1078 1076 pupno,
1089 1023 1154 1076 quoe
1165 1010 1271 1076 ccatnyit

105 1093 223 1160 ,lupeno
235 1108 274 1146 nr.
289 1103 312 1145 ct
323 1091 439 1154 Messala
452 1108 528 1155 eccs,
539 1109 620 1144 annos
631 1108 683 1143 crac
694 1109 729 1144 rr.
744 1093 855 1160 colliqes
889 1090 941 1145 Sed
957 1089 1021 1144 haec
1037 1090 1205 1146 hallucinatio
1222 1099 1269 1146 est.

104 1175 174 1230 Nam
184 1177 293 1230 Actiaca
302 1191 394 1248 pugna
403 1176 496 1230 incidit
505 1175 533 1229 in
545 1191 644 1230 annum
653 1175 731 1230 Urbis
742 1191 882 1242 occursu,
893 1177 985 1230 Iulian.
995 1195 1046 1242 ru,
1058 1177 1199 1232 Archelaus
1208 1194 1269 1232 rero

104 1262 266 1332 proscriptus
277 1269 318 1316 est
328 1279 397 1316 enno
406 1261 483 1316 Urbis
492 1277 611 1327 neor-11,
623 1261 724 1316 Iuliano
736 1279 771 1317 nr.
789 1261 890 1333 Quippe
900 1261 950 1316 Dio
963 1261 1074 1316 adhunc
1084 1279 1182 1316 annum
1194 1269 1270 1317 autor

105 1353 147 1400 est
158 1347 288 1401 Heredem
300 1347 477 1404 Palasstinunr
489 1363 505 1400 a
515 1347 642 1402 tratribus
651 1355 803 1402 accusatum
815 1354 887 1402 trans
898 1349 977 1419 Alpes
988 1349 1147 1419 relegatam,
1162 1349 1269 1420 eiusque
1294 1351 1297 1356 “

103 1433 232 1488 ditionem
243 1433 270 1486 in
281 1434 443 1504 provinciam
453 1427 592 1487 redactum.
614 1437 705 1487 Annus
716 1449 793 1504 porro
806 1433 921 1487 lulianm
934 1451 969 1488 cr.
980 1435 1126 1490 tricesimus
1142 1435 1269 1508 septimus

104 1524 146 1572 est
157 1533 175 1570 a
184 1536 229 1573 xv.
252 1518 333 1572 ilecto
344 1519 433 1589 itaque
444 1517 570 1590 Iosephus
580 1519 742 1574 tricesimum
752 1519 892 1590 septimum
905 1519 1045 1574 adnotavit.

173 1602 295 1658 Secundo
307 1606 397 1658 tuden
408 1608 436 1657 in
448 1606 511 1658 iocis
522 1603 646 1674 Iosephus
657 1607 688 1657 tie
699 1606 831 1658 comtum
845 1605 950 1666 Quirini
965 1609 1086 1670 mittit,
1103 1609 1178 1676 quaet
1195 1608 1226 1660 de
1240 1625 1269 1661 re

104 1691 242 1742 ameum
258 1693 367 1754 κωπῆς
391 1707 421 1743 ea
441 1709 489 1760 quo
509 1694 592 1754 festos
607 1691 678 1744 iiluna
698 1692 843 1743 conminuet
858 1693 991 1759 &notasse
1010 1699 1104 1744 sermm
1119 1701 1164 1745 est.
1198 1691 1270 1744 Nam

108 1775 245 1835 Quirinum
258 1793 310 1828 unc
322 1777 532 1829 cumAesna'ts'cuc
545 1777 643 1844 collepc
660 1785 718 1829 anta
735 1793 815 1829 canoa
825 1793 883 1830 urs
899 1777 1054 1829 emotum
1061 1780 1169 1844 pesestas
1180 1787 1218 1830 est
1227 1795 1269 1830 ea·

100 1861 313 1930 pomum.
346 1859 418 1914 Nihil
433 1861 561 1916 eiusmodi
575 1859 701 1931 Iosephus
715 1862 756 1914 rel
771 1861 902 1916 letissime
919 1861 1088 1932 significarim
1106 1863 1269 1917 consularem

104 1945 237 2000 duntaxat
246 1946 333 2013 iUurn,
345 1946 394 2000 hoc
406 1952 446 2000 est
457 1945 582 2016 ὑπατικὸν,
595 1953 712 2000 extremo
723 1947 768 2000 lib.
780 1964 844 2002 ιω.
855 1947 981 2000 nominat
1007 1945 1115 2002 Constat
1125 1953 1212 2002 entem
1223 1965 1269 2002 eos

104 2033 151 2102 qui
169 2032 335 2087 consulamm
351 2033 433 2086 semel
454 2033 483 2086 in
499 2033 554 2086 rita
570 2033 715 2102 gessissent
737 2032 887 2086 cumulares
908 2032 1030 2104 deinceps
1051 2034 1209 2104 appellatos,
1230 2034 1270 2088 uti

103 2117 302 2189 Triumphales,
314 2119 360 2189 qui
370 2117 510 2189 aliquando
521 2116 733 2188 triumphassent.

173 2203 261 2258 Tertio
272 2201 386 2258 Herodis
403 2205 495 2256 obtem
508 2205 608 2257 limato
623 2213 683 2258 cnta
696 2203 821 2257 Otrtatum
837 2212 923 2258 noun
937 2214 1058 2259 recenset.
1080 2206 1171 2276 Itaque
1186 2209 1212 2258 sc'
1227 2206 1270 2258 Io·

103 2289 183 2360 sepho
194 2291 280 2342 &seua
292 2307 382 2355 cures,
393 2307 458 2358 quus
470 2309 487 2342 n
499 2288 575 2342 Luca
586 2298 611 2342 et
621 2287 753 2343 Mattiaco
766 2291 797 2342 de
807 2289 911 2343 Herode
921 2294 1023 2360 scripto
1033 2293 1151 2361 esentfldc
1162 2301 1271 2345 caream

104 2392 207 2428 necesse
218 2385 263 2430 est.
287 2373 346 2428 Nou
358 2375 422 2428 actis
433 2374 509 2430 dixit.
532 2373 622 2444 Neque
633 2375 705 2430 enim
715 2375 833 2440 biennio,
850 2375 895 2428 sed
907 2375 1075 2446 quadriennio
1092 2376 1187 2441 iuno,
1197 2383 1270 2430 nata·
1361 2395 1365 2410 ·

102 2461 156 2514 lens
167 2459 265 2514 Christi
272 2461 420 2530 vulgarem,
430 2459 620 2530 Dionysianum
628 2477 690 2514 vero
697 2461 781 2514 etiam
788 2461 965 2530 quinquennio
976 2463 1121 2516 antevertit.
1138 2461 1191 2516 Sed
1200 2461 1270 2516 hnnc

103 2547 195 2616 ipsum
204 2561 296 2600 rerum
308 2561 366 2600 osse
374 2546 488 2599 natalem
500 2562 534 2600 ex
545 2544 677 2600 Matthaeo
688 2546 731 2600 rel
741 2545 812 2605 Luca
822 2547 925 2616 colligi,
935 2546 962 2600 id
973 2553 1124 2602 constanter
1132 2563 1270 2617 negamus.

174 2631 303 2696 Quartum
319 2631 510 2686 inconstantiae
525 2631 657 2702 specimen
673 2635 714 2684 est
730 2630 799 2701 quod
814 2647 883 2684 anno
895 2649 948 2686 rvr.
964 2631 1074 2686 Herodis
1090 2633 1160 2702 rogis
1172 2633 1270 2686 Varum

103 2717 253 2788 praesidem
265 2715 357 2786 Syriae
368 2717 448 2771 luisse
459 2722 547 2770 narrat
556 2717 602 2770 hb.
615 2733 658 2770 rr.
675 2732 731 2786 cap.
742 2733 813 2781 nnn,
828 2721 987 2786 portantem
999 2718 1037 2770 ait
1047 2716 1158 2770 eundem
1168 2733 1270 2770 succes·

105 2805 174 2856 sisse
186 2803 277 2856 Sentio
288 2802 442 2868 Saturnino,
458 2817 528 2856 anno
544 2808 604 2856 ante
619 2801 729 2856 Herodis
747 2801 860 2866 obitum,
876 2817 937 2854 cnm
950 2802 1019 2854 iuter
1032 2805 1162 2872 utrunque
1176 2801 1270 2872 viginti

104 2890 169 2943 anni
179 2889 274 2942 saltem
285 2889 486 2944 intercesserint
510 2887 591 2957 Atqui
605 2903 659 2940 non
670 2886 756 2940 Varus
767 2901 783 2938 a
794 2885 903 2956 Usapho
914 2901 1021 2956 praeses
1031 2886 1076 2940 illo
1092 2887 1153 2941 loco
1166 2887 1270 2954 dicitur,

104 2975 151 3028 ced
162 2975 255 3028 Varro.
290 2973 374 3038 Quare
386 2971 475 3039 αὖτηὴ
489 2969 603 3043 μήρινθος
614 2969 684 3023 citis
697 2968 796 3026 ἔσπασε.
829 2969 947 3041 Denique
957 2988 1066 3038 norem,
1082 2973 1180 3044 inquit,
1189 2973 1270 3028 Hero·

105 3059 144 3112 dis
163 3075 249 3113 annos
266 3059 446 3129 praetermisit.
480 3057 584 3110 Etenim
595 3073 656 3110 cum
664 3073 758 3110 xxrvrr
768 3057 884 3126 regnarit
900 3071 995 3123 annos,
1012 3056 1106 3114 horum
1121 3059 1225 3113 initium
1236 3061 1269 3113 ab

105 3161 136 3198 eo
148 3147 209 3216 ipso
221 3159 304 3209 anno,
316 3161 368 3215 qno
379 3143 466 3198 navali
473 3143 571 3213 praelio
579 3143 665 3196 rictus
674 3148 714 3196 est
721 3141 862 3207 Antonim,
873 3147 989 3213 repetere
997 3143 1098 3209 debuit,
1109 3144 1209 3198 Iuliano
1217 3163 1270 3210 ru,

104 3247 158 3284 non
171 3245 188 3283 a
199 3247 251 3296 ru,
266 3245 319 3300 quo
336 3246 370 3284 ex
381 3227 641 3284 Senatus-Oeneulto
652 3243 764 3298 rognum
775 3227 884 3298 sdoptus
896 3235 944 3284 est.
967 3227 1028 3283 Ideo
1040 3235 1150 3284 mortem
1161 3231 1270 3285 Herodis

104 3316 222 3370 Annales
239 3316 267 3368 iu
283 3331 382 3368 annum
399 3319 519 3370 octavum
534 3312 630 3368 Christi
646 3313 799 3379 coniiciunt,
816 3312 913 3384 Lepido
930 3317 957 3368 ot
967 3315 1089 3368 Atruntiu
1106 3331 1174 3370 cosa.
1199 3315 1271 3370 'ssu

104 3417 192 3455 annus
210 3399 288 3454 Urbis
304 3415 425 3466 necuim,
442 3399 558 3454 tulimus
570 3417 619 3466 nu,
636 3399 682 3470 qni
699 3404 790 3454 sextus
808 3413 885 3453 aerae
901 3401 1046 3454 communis
1064 3417 1121 3455 osse
1138 3401 1269 3472 debuerat,

104 3488 157 3540 nisi
168 3486 277 3540 biennio
290 3491 425 3556 peceatum
436 3485 512 3540 toret.

174 3559 210 3626 At
222 3577 381 3642 quantopere
392 3571 467 3624 illum
477 3571 543 3625 ratio
554 3570 653 3641 ingerit
662 3571 740 3642 paulo
751 3575 813 3642 post
823 3571 964 3636 constabit,
978 3571 1025 3625 ubi
1041 3587 1107 3642 quae
1119 3572 1150 3626 do
1160 3572 1270 3626 lierodie

103 3659 183 3712 annis
195 3663 222 3711 et
233 3655 343 3713 historia
352 3657 465 3726 sparsim
476 3655 601 3727 Iosephus
612 3657 716 3722 inserit,
733 3657 822 3727 paucis
835 3657 1071 3726 perstrinxerimus.
1093 3657 1180 3711 Prima
1190 3659 1270 3711 Hero·

104 3743 146 3796 dis
165 3743 235 3814 apud
252 3743 380 3796 eximium
391 3741 460 3798 hunc
475 3741 628 3812 scriptorem
643 3741 740 3795 mentio
756 3741 787 3794 lit
800 3741 846 3795 lib.
858 3759 912 3795 xrs.
924 3742 995 3812 Orig.
1007 3757 1063 3813 cap.
1074 3760 1122 3798 xrs.
1145 3743 1185 3796 lbi
1196 3743 1270 3796 Anti-

104 3835 211 3898 patrum
222 3828 336 3898 Antipae
347 3827 375 3882 F.
390 3825 497 3882 Herodis
513 3832 648 3898 parentem
663 3827 753 3880 scribit
769 3843 783 3879 e
800 3826 884 3896 Cypro
901 3827 1025 3882 Arabissa
1040 3829 1156 3898 principe
1171 3828 1270 3881 lomina

103 3915 223 3984 quinque
235 3913 381 3983 suscepisse
392 3913 501 3978 liberos,
515 3911 685 3977 Phnsaalnsn,
700 3911 842 3976 Herodem,
857 3910 1010 3982 Iosephnm,
1025 3911 1166 3966 Pherorarn
1181 3919 1209 3966 et
1222 3913 1269 3966 Sa-

104 4000 202 4054 tomen.
226 3997 357 4063 Eundem,
369 4013 429 4052 cnm
441 3997 564 4052 adversm
576 3998 755 4052 Aristobnlum
772 3997 869 4052 bellum
884 4003 997 4068 gereret,
1012 3999 1109 4052 liberos
1124 4015 1187 4052 snos
1199 3999 1269 4069 apud
1294 4029 1317 4068 p.
1326 4016 1369 4060 ran,

104 4085 225 4138 Arabum
236 4083 382 4154 principem
393 4083 553 4154 deposuisse.
571 4083 686 4138 Finitnm
698 4088 739 4138 est
750 4083 846 4136 beUnm
858 4083 928 4138 istud
938 4083 1132 4138 Aristobuleum
1143 4101 1213 4138 mmo
1224 4085 1269 4140 illo

104 4186 158 4238 quo
178 4169 359 4238 hierosolyma
374 4167 514 4239 Pompeius
531 4169 611 4238 cepit,
629 4185 695 4222 coss.
708 4167 831 4222 Cicerone
848 4173 875 4221 et
890 4169 1016 4234 Antonio,
1034 4175 1063 4222 ut
1074 4175 1157 4222 autor
1173 4175 1214 4223 est
1228 4170 1268 4223 lo-

103 4253 205 4325 aephus
216 4255 262 4308 lib.
274 4271 328 4310 xrv.
340 4269 397 4324 cap.
409 4273 446 4318 v.,
458 4269 507 4306 nec
516 4271 570 4308 non
582 4259 609 4306 et
619 4253 680 4319 Illo,
699 4252 774 4308 Urbis
785 4271 819 4308 ex
830 4253 946 4308 Varrone
958 4270 1048 4310 ncxcr.
1072 4254 1179 4325 Oportet
1189 4256 1269 4326 igitur

103 4339 238 4394 Herodem
249 4345 309 4393 ants
319 4337 388 4394 hunc
399 4355 497 4394 annum
507 4339 589 4393 inisse
600 4345 703 4404 natum,
715 4356 793 4409 quem
805 4340 874 4420 apud
885 4339 997 4394 Arabum
1008 4346 1080 4409 pater
1092 4341 1247 4412 deposuerit

174 4423 271 4480 Postea
287 4424 331 4478 lib.
344 4441 396 4479 rrv.
413 4442 436 4480 c.
450 4443 506 4490 ru,
523 4441 583 4480 cum
595 4425 731 4496 Antipater
740 4425 841 4479 Iuliano
853 4425 958 4479 Caesari
968 4431 1102 4480 channam
1113 4428 1140 4480 in
1149 4429 1270 4500 Aegypto

103 4517 233 4566 naruaet
248 4525 369 4580 operam,
386 4508 515 4580 ἐπίτροπος
532 4512 566 4564 ab
583 4527 615 4564 ao
626 4509 738 4566 Iudaeae
752 4510 839 4565 factm
854 4517 909 4577 et,
925 4517 953 4564 et
966 4511 1087 4582 Hyrcano
1104 4513 1269 4584 pontificatu
