3138 5044
1184 287 1275 346 cnvn

107 437 298 514 Hierosolymis
315 445 473 516 precipisse,
491 449 518 498 et
533 441 644 498 Neronis
660 460 731 498 enno
748 444 859 516 septimo
877 444 926 498 suh
938 441 1088 516 poscbrlom
1098 445 1275 500 celebritatem

108 527 261 584 interiectus
274 545 332 584 sese
343 531 436 584 dicitur
445 530 479 583 sb
496 530 656 599 Hieronymo
674 531 719 584 lib.
736 529 768 584 de
785 529 879 600 Hoript.
893 529 1003 596 becles,
1021 531 1091 600 quod
1106 531 1207 586 Iulieno
1219 547 1273 588 cvr.

108 615 239 684 congruit.
256 615 339 685 Igitur
350 629 419 670 suno
429 631 517 670 orror.
529 614 630 668 luliuno
639 631 760 686 proeesse
770 615 864 686 coepit.
881 615 946 670 ltsm
955 615 1051 670 Psulus
1060 617 1193 686 spostolus
1205 615 1274 688 epod
1300 629 1322 672 tt
1331 618 1375 660 ¹⁷⁸*

108 698 223 754 eundem
233 700 419 772 Hieronymum
430 717 500 754 enno
509 717 570 754 xxv.
581 705 642 772 post
651 701 802 772 passionem
814 699 927 766 domini,
938 699 1049 756 Nerun'm
1060 719 1098 766 n,
1110 702 1212 756 rinctus
1223 701 1275 756 lio·

107 801 182 838 mem
191 785 316 852 mittitury
328 787 373 842 ubi
384 793 411 840 et
419 785 529 840 Neronis
541 803 610 840 enno
619 803 682 851 xrs,
692 792 754 857 post
764 787 915 856 pressionem
924 803 1034 852 rxxrrn,
1045 785 1130 858 sepite
1141 791 1275 840 truncetur

108 876 164 936 est,
176 870 302 942 Gspitone
313 878 340 926 et
349 871 426 926 Buffo
438 888 518 937 cose,
532 871 633 926 lulinno
647 887 711 926 curn
735 870 846 928 Neronis
857 873 961 926 initium
973 873 1084 942 contigit
1094 877 1276 944 postmortem

108 955 224 1022 Gleudii,
239 955 339 1012 iuliano
351 973 436 1024 rom„
452 963 513 1028 post
524 975 563 1012 ιη.
576 957 633 1012 illd.
646 956 750 1012 Octobr.
785 957 855 1028 Ergo
866 974 951 1012 rnnus
962 975 1016 1012 xrs.
1028 958 1115 1029 coepit
1125 959 1160 1011 eb
1171 958 1277 1012 Octobri

108 1043 174 1096 mni
183 1041 278 1098 luliuut
290 1059 353 1098 οηη.
371 1042 422 1096 Sed
434 1043 609 1113 Hieronymus
620 1043 759 1098 muniisste
771 1059 854 1098 ennon
866 1042 1000 1098 exorditur
1012 1043 1045 1098 sb
1057 1043 1219 1098 sntecedenti
1230 1059 1276 1115 ps·

108 1125 209 1182 cebete.
234 1127 356 1200 Adeoque
368 1145 401 1184 ex
413 1129 468 1182 siue
479 1129 614 1183 ratiocinio
625 1129 743 1200 pessioni
755 1129 853 1184 domini
868 1145 953 1183 onnus
970 1129 1112 1183 adstruitur
1122 1145 1211 1183 nrrvr.
1236 1129 1277 1184 lte

108 1211 215 1280 Potrns,
228 1213 317 1268 eodem
328 1215 485 1284 Hieronymo
497 1220 577 1280 teste,
589 1231 659 1270 anuo
668 1233 697 1269 η.
710 1215 811 1268 Claudii
822 1215 932 1268 Romem
944 1214 1060 1280 advenit,
1073 1215 1118 1270 ubi
1130 1231 1182 1280 rur
1192 1229 1276 1270 ennos

109 1298 237 1354 eoelmise
248 1299 372 1372 prr-sinit,
384 1305 411 1352 et
421 1317 522 1355 nuru.
535 1301 752 1372 postpessionem
764 1315 846 1365 anno,
863 1299 972 1354 Neronis
983 1319 1051 1366 xm,
1069 1317 1128 1354 cnm
1139 1300 1220 1354 Psulo
1231 1316 1277 1354 ns·

109 1389 185 1438 cetus
198 1389 246 1439 est.
281 1384 398 1456 Denique
411 1385 648 1454 Hierosolynriteus
658 1385 745 1438 clades
757 1386 850 1440 accidit
861 1401 931 1440 enno
943 1403 985 1440 ro.
997 1393 1057 1458 poet
1067 1387 1230 1456 pensionem,
1246 1391 1277 1442 ut

109 1474 212 1524 reterre
220 1470 336 1541 plerique
345 1475 480 1535 testemur,
491 1471 680 1540 Hieronymus,
690 1470 820 1524 Eusebius
832 1471 876 1524 lib.
886 1489 925 1524 ru.
934 1471 999 1526 ffise
1012 1473 1275 1542 ssp.v1u.,ettib.vr.

109 1553 303 1610 dellemonstr.
318 1571 449 1627 cupreo,
466 1554 668 1625 chrysostomus
688 1571 719 1608 ec
733 1556 835 1626 reliqui.
869 1555 967 1609 Hrerse
983 1563 1144 1611 sputantem
1156 1557 1277 1612 Hieroso·

109 1639 183 1708 lyme
193 1655 264 1696 enno
279 1641 391 1694 mondo
403 1641 570 1711 Vespssieni,
585 1639 686 1695 lulium
702 1657 771 1694 enno
784 1657 844 1694 cxv.
878 1639 988 1694 Proinde
1000 1657 1068 1696 runo
1080 1659 1169 1698 nrxsr.
1181 1641 1278 1697 Christi

109 1725 200 1795 pessis
212 1727 341 1798 congruit
364 1726 488 1780 Gseteree
499 1743 533 1780 ex
545 1725 649 1780 Delerii
660 1733 687 1780 et
697 1725 801 1796 Hopleri
811 1727 1005 1780 commentariis
1016 1727 1156 1798 repetendus
1166 1733 1236 1782 sunt.

179 1803 214 1864 ht
225 1827 349 1882 urgemur
359 1809 510 1882 Phlegontis
522 1811 649 1882 imprimis
662 1817 689 1864 et
699 1810 785 1865 Thalli
798 1811 962 1876 testimonio,
980 1813 1025 1883 qui
1040 1829 1156 1875 rnnour.
1172 1813 1276 1884 Olymp.

111 1911 157 1950 οη.
168 1893 321 1952 horribilem
332 1897 394 1952 solis
407 1897 515 1968 eclipsin
527 1896 651 1950 eccidisse
662 1903 821 1962 memorent,
833 1895 881 1950 boc
893 1903 933 1950 est
946 1896 1046 1952 iulieno
1060 1915 1185 1964 eunoun,
1196 1913 1277 1969 quem

110 1981 184 2036 ulem
195 1982 281 2052 ipsum
292 1997 351 2036 esse
362 1998 428 2053 quse
439 1983 489 2036 snb
501 1982 600 2036 domini
610 1998 701 2036 nocem
712 1983 836 2052 contigit,
852 1983 952 2053 antiqui
969 1989 1056 2054 pstrss
1067 1984 1277 2056 interpretentur,

110 2065 265 2132 Atriorum,
278 2067 465 2138 Hieronymus,
483 2067 611 2122 Eusebius
624 2074 649 2121 et
661 2067 713 2120 elii.
747 2067 802 2120 Hoc
815 2073 969 2137 srgnmento
980 2069 1080 2122 instent
1090 2070 1128 2124 illi
1139 2070 1277 2142 proecipne

112 2152 158 2221 qui
173 2152 251 2222 plurs
268 2169 347 2224 quem
362 2154 413 2208 trie
428 2152 555 2224 percheto
572 2153 705 2206 deminum
723 2153 845 2222 exegisse
861 2153 1032 2220 contendunt,
1049 2171 1135 2225 neque
1150 2157 1213 2210 setis
1228 2171 1277 2227 pn·

112 2236 198 2292 dentis
216 2253 275 2292 esse
291 2236 403 2292 hominis
421 2239 573 2292 existiment
589 2243 677 2292 tentes
695 2238 840 2292 eutoritrtie
854 2239 1012 2308 praeiudicio
1028 2255 1060 2293 ec
1071 2245 1111 2293 tot
1121 2241 1277 2312 scriptorum

111 2323 280 2378 consensioni
291 2323 421 2394 reingeri.
456 2323 509 2377 Sed
520 2321 583 2377 illud
595 2324 723 2394 imprimis
733 2323 793 2378 rolo
805 2322 869 2378 mihi
880 2323 1066 2394 respondeent,
1082 2341 1162 2380 eosne
1178 2331 1277 2398 putent,

111 2409 238 2478 equibus
249 2407 398 2482 Phlegontis
409 2409 587 2464 testimonium
601 2409 757 2475 didicerunt,
775 2407 946 2479 Phlegoutcm
962 2409 1049 2481 ipsum
1064 2410 1168 2481 legisse.
1203 2410 1278 2476 Quod

112 2493 159 2548 nbi
169 2493 286 2550 ocniesni
298 2495 405 2562 inerint,
423 2499 479 2548 tum
496 2493 559 2566 quid
575 2509 686 2548 censere
703 2497 737 2549 sit
753 2495 895 2566 explicent,
912 2511 959 2549 our
975 2495 1053 2550 iidem
1070 2497 1116 2566 qui
1132 2497 1217 2550 solere
1234 2495 1278 2550 de·

111 2579 238 2649 liquinm,
255 2579 324 2650 qued
335 2597 351 2634 e
361 2579 504 2651 Phlegonte
515 2587 739 2646 commemoretur,
755 2579 819 2634 Hlud
834 2595 892 2634 esse
908 2585 1026 2634 etstuuut
1040 2581 1110 2651 quod
1121 2581 1170 2636 sub
1182 2579 1279 2636 Christi

112 2665 264 2734 pensionem
276 2666 397 2736 contigit,
411 2666 528 2736 passioni
538 2672 626 2720 tumen
636 2666 688 2737 ipsi
699 2683 751 2720 non
764 2671 885 2736 quertum
897 2665 1059 2736 Olympiedis
1070 2683 1169 2720 sunum
1180 2665 1226 2720 sed
1237 2681 1279 2720 se·

113 2750 229 2804 eundum
239 2751 374 2806 tertiumve
386 2750 548 2821 preelinisnt
578 2751 715 2806 Africanus
732 2751 803 2804 enim
818 2750 888 2821 spud
903 2749 1091 2820 Hieronymum
1107 2752 1135 2805 in
1150 2757 1230 2822 csput
1240 2769 1277 2808 rr.

112 2834 193 2900 Dum,
205 2840 232 2890 et
243 2836 270 2890 in
282 2835 386 2890 Eusebii
396 2835 551 2907 iregmentis
561 2851 623 2908 peg.
632 2835 686 2902 os„
698 2834 830 2890 Christum
841 2851 948 2906 possum
960 2837 1073 2890 mserutt
1082 2851 1151 2890 enno
1163 2836 1278 2891 secundo

114 2921 218 2992 Olymp.
230 2937 308 2986 coru,
324 2921 451 2976 Eusebius
467 2929 494 2976 et
504 2923 679 2992 Hieronymus
695 2937 764 2974 runo
775 2921 861 2976 tortio,
896 2919 964 2984 Qud
979 2927 1067 2974 entem
1084 2921 1221 2976 ehsnrdim
1237 2927 1279 2976 est

114 3023 194 3076 quum
210 3004 362 3076 Phlegontis
379 3006 502 3062 sdrersus
519 3007 631 3077 gentiles
648 3007 785 3060 sutoritste
806 3011 884 3076 etque
906 3007 996 3077 eclipsi
1012 3007 1058 3060 ills
1074 3007 1137 3060 solis
1154 3013 1278 3075 utentem,

114 3109 195 3162 quern
206 3092 229 3145 is
242 3098 333 3163 querto
349 3107 418 3146 anno
436 3091 576 3162 contigisse
594 3091 706 3157 dixerut,
724 3107 777 3144 ηοη
795 3091 879 3146 sidem
896 3107 965 3146 enno
981 3093 1131 3162 pensionem
1147 3094 1277 3148 tribueret

115 3177 291 3242 Quamobrem
302 3195 335 3232 ne
349 3179 414 3232 tenti
430 3177 544 3248 stuporis
561 3181 639 3247 utque
656 3177 783 3242 inscitiae,
801 3178 854 3230 imo
871 3177 1112 3247 presrericetienis,
1130 3179 1279 3250 grerissimi

113 3263 151 3316 illi
167 3270 257 3334 petros
267 3268 415 3333 urguentur,
431 3263 578 3318 sodomum
591 3263 736 3318 necessario
747 3261 889 3332 redigimur
900 3269 930 3316 ut
940 3261 1091 3334 Phlegontis
1100 3265 1279 3320 testimonium

114 3348 179 3404 illud
191 3348 285 3402 ritiose
303 3349 336 3402 sb
353 3349 476 3413 librariis,
494 3355 541 3402 eut
556 3349 715 3418 Hieronymo
727 3349 785 3418 ipso
797 3347 914 3402 dicamus
930 3348 957 3400 iu
969 3345 1104 3403 (lbronicis
1115 3365 1278 3420 expressum.

115 3435 187 3490 Sene
202 3435 231 3488 in
244 3433 343 3490 Greeoo
354 3433 460 3488 Eusebii
475 3431 601 3488 Chronico
618 3449 681 3505 peg.
696 3432 751 3486 118.
767 3433 807 3486 ite
822 3434 947 3504 scriptum
964 3439 1015 3486 est:
1039 3437 1077 3504 τῷ
1089 3433 1116 3488 dl
1126 3431 1172 3487 ἔτει
1183 3439 1225 3502 τῆς
1237 3431 1277 3504 οβ’

114 3517 299 3592 Ὀλυμπιάδας
312 3529 342 3574 nt
353 3525 475 3590 oppureet
485 3519 608 3574 extritum
619 3518 699 3572 luisse
711 3517 871 3573 numeralem
883 3523 985 3583 noum,
997 3535 1043 3590 pro
1055 3535 1108 3590 qus
1118 3527 1278 3591 snsgnostes

114 3605 274 3676 Hieronymo
286 3601 318 3672 δ’,
330 3605 407 3660 idest
418 3611 538 3676 qnertum
550 3621 648 3660 ennom
659 3604 765 3674 legerit,
777 3621 837 3658 cunr
849 3610 918 3658 esset
929 3605 1067 3658 coniuncto
1079 3603 1113 3658 δέ.
1141 3607 1176 3659 At
1185 3605 1278 3678 Kepls·

115 3707 158 3746 rus
169 3692 197 3744 in
208 3690 315 3762 Hclogls
327 3690 497 3761 Phlegoutem
511 3691 657 3762 suspicetur
674 3689 706 3744 de
722 3690 776 3743 elie
792 3690 855 3743 solis
873 3689 963 3760 eclipsi
979 3690 1107 3757 locutum,
1124 3707 1191 3762 quse
1209 3707 1278 3746 suno

114 3778 198 3848 primo
215 3775 319 3848 Olymp.
332 3791 395 3832 corr.
414 3777 537 3848 contigit,
553 3775 618 3831 Nor.
630 3793 715 3840 mn,
732 3791 801 3828 enno
812 3775 911 3828 luliuno
924 3791 1025 3841 nmo..
1043 3791 1160 3848 queeqne
1176 3777 1203 3830 in
1216 3777 1280 3832 Asis

115 3863 155 3916 rel
164 3861 243 3932 Syris
253 3861 342 3916 totslis
354 3861 416 3926 luit,
427 3859 491 3916 hors
503 3879 555 3916 une
565 3867 643 3932 etque
654 3862 736 3916 ultore
747 3865 808 3913 ense
820 3859 961 3914 meridiem.
988 3860 1062 3926 Quod
1072 3877 1132 3916 cnm
1141 3861 1279 3916 Mriceuus

117 3953 140 4000 et
150 3947 197 4000 elii
209 3947 243 4000 ed
255 3963 313 4000 sum
326 3945 505 4017 Olympiedem
521 3963 573 4018 que
589 3963 684 4018 pessus
700 3953 740 4000 est
756 3945 877 3999 dominus
894 3947 1033 4000 convenire
1047 3953 1192 4012 cernerent,
1209 3947 1279 4004 idem

115 4031 178 4086 illud
187 4031 332 4104 deliquium
340 4033 403 4086 solis
414 4048 472 4086 esse
483 4033 533 4086 sibi
542 4037 726 4103 persuaserunt
737 4031 806 4102 quod
815 4029 916 4084 Christo
925 4032 1038 4102 patiente
1045 4038 1147 4102 prester
1157 4039 1279 4088 neturem

116 4123 245 4172 esenerst.
279 4117 413 4172 Postremo
425 4134 485 4172 cnm
496 4117 618 4173 obductio
629 4119 675 4170 ille
685 4117 750 4172 lucis
761 4117 886 4170 netnrslis
898 4132 952 4170 ηοη
965 4117 1057 4182 tuerit,
1073 4133 1158 4188 nsque
1174 4135 1209 4174 ex
1223 4135 1279 4174 ms·

115 4201 262 4258 themetiois
274 4203 369 4258 usculis
381 4203 500 4274 indigeri
510 4203 636 4275 potnerit,
648 4221 701 4258 ηοη
713 4203 817 4258 abunde
828 4201 956 4272 Phlegon,
968 4203 992 4256 si
1003 4203 1060 4256 cius
1070 4205 1228 4258 mentionem
1240 4209 1279 4258 st·
1303 4234 1326 4274 y.
1336 4223 1378 4266 m.

116 4289 188 4360 tigit,
206 4305 287 4360 quem
303 4305 337 4344 ex
353 4291 464 4344 eliorum
475 4289 657 4344 testificatione
668 4289 740 4342 illem
752 4289 887 4359 competit3
904 4289 932 4342 iu
950 4305 1001 4358 quo
1019 4287 1095 4341 troile
1110 4289 1183 4342 locus
1200 4291 1280 4344 errori

116 4373 178 4439 init,
194 4381 225 4428 ut
242 4375 306 4430 ulter
317 4393 363 4448 pro
376 4377 457 4430 slteru
469 4391 553 4430 eunus
566 4375 600 4428 eb
612 4391 642 4428 eo
655 4375 861 4428 substitueretur.
896 4373 973 4427 Aliud
988 4389 1023 4427 ex
1034 4373 1153 4444 Dionysii
1163 4375 1277 4446 Areopo-

116 4461 185 4528 giteo
203 4459 312 4516 historie
327 4462 394 4516 solet
410 4461 495 4516 obiici.
528 4460 578 4515 Hic
593 4461 662 4514 enirn
678 4459 759 4530 Epist,
771 4477 816 4515 vu.
829 4457 1045 4530 edPolycsrpum
1060 4475 1194 4532 exponens
1212 4475 1278 4531 queo

117 4544 174 4616 ipsc
191 4547 323 4614 presiords
340 4552 456 4618 temporo
477 4561 537 4602 cunr
554 4543 733 4616 Apollophsne
749 4544 878 4615 Heliopoli
894 4545 1006 4612 rideret,
1025 4546 1196 4618 plenilunium
1215 4551 1279 4600 tunc
