3138 5044
305 331 327 386 G

304 485 459 556 ἀπορητιαῶς
471 490 605 556 aumptum
616 499 760 556 paucorum
771 489 875 538 uatum
886 483 999 548 derum,
1011 489 1057 537 aut
1067 482 1145 538 anina
1157 482 1266 548 mencio,
1276 481 1330 536 inre
1342 481 1408 536 anni
1418 479 1470 534 dia·

304 571 400 625 crimen
412 570 481 626 iacit
499 569 551 624 Sed
560 571 605 641 qni
616 571 704 641 paucia
717 570 793 624 annia
804 569 873 624 inira
884 575 929 622 ant
940 585 1020 640 supra
1033 585 1172 624 numerum
1188 568 1320 634 ooaaiatit,
1338 563 1395 628 ὧςιί
1403 564 1470 638 rpei-

304 675 379 710 αονια
390 653 452 708 ίιῶν
464 656 516 710 dici
526 661 624 727 potest,
636 661 666 708 ut
676 653 837 727 Epiphanius
849 655 945 709 alieubi
956 655 1078 724 disputat.

371 741 680 812 QuodipaumKeplerua
693 757 818 813 capum
834 739 939 794 alteriue
955 741 1007 793 loci
1023 740 1217 810 comparatione
1233 738 1333 794 erudite
1347 738 1471 792 declarat

303 827 371 882 Nam
386 843 446 881 cum
458 825 551 882 Mathia
563 845 617 881 ιιι,
634 827 760 897 acriptum
777 827 824 892 eit,
841 831 902 896 poat
916 826 1064 880 inatitutum
1082 842 1099 879 a
1115 825 1220 880 domino
1237 841 1401 890 sermonem,
1416 821 1470 894 μεθ’

302 911 393 984 ἡμέρας
403 911 651 984 ittranafiguratum
664 928 735 977 oeae,
746 911 831 966 Lucas
843 911 953 966 eandem
961 910 1096 965 historiam
1108 927 1242 982 exponens
1255 925 1311 982 cap.
1320 929 1358 964 rx.
1372 910 1400 963 id
1410 915 1472 980 poat

303 997 358 1052 dieo
370 994 424 1059 ὡςεί
437 992 504 1052 dard>
516 998 549 1051 ab
561 998 605 1052 iiio
617 998 674 1068 ipeo
690 1013 810 1052 aermone
825 997 924 1051 iactum
941 1013 998 1052 oeae
1014 1003 1113 1051 narrat.
1134 997 1185 1051 Ubi
1201 995 1291 1050 cadom
1308 992 1365 1056 ὡςαί
1376 995 1472 1050 rocula

303 1099 366 1138 naua
384 1090 435 1148 est,
453 1100 513 1138 cnm
531 1083 665 1136 adrerum
682 1099 821 1136 numerum
833 1081 954 1149 biduum,
969 1082 1019 1137 hoc
1037 1087 1077 1137 eat
1093 1081 1196 1136 tertiam
1207 1086 1307 1152 partem
1318 1080 1471 1134 addidiaaet.

260 1151 265 1168 ⁸
302 1169 337 1224 nt
347 1170 428 1223 inatat
439 1169 565 1239 Scaliger.
589 1167 623 1222 Et
631 1168 738 1233 Ναίίαα,
749 1169 845 1239 inquit,
859 1169 1142 1239 orneoenmpaororr
1154 1165 1206 1238 ίγὼ
1217 1163 1327 1237 ἄρχομαι
1337 1163 1471 1236 τριάκοντα

246 1293 250 1302 .
303 1252 373 1326 iriae,
388 1273 439 1325 pro
457 1249 567 1324 ἄρχομαι
582 1257 627 1308 τοῦ
643 1257 789 1324 τριααοαιοίν
805 1251 880 1315 ἔπους.
905 1255 977 1308 leaeo
988 1247 1017 1321 dv
1032 1251 1233 1325 rectractaret
1245 1261 1294 1306 tcto
1305 1271 1376 1306 αιυιο
1388 1269 1471 1316 mn,

301 1343 348 1394 aed
361 1342 473 1393 αοεοίιιίο
489 1343 615 1393 tricesimo
631 1343 717 1392 rtatim
735 1340 869 1393 dicebatur
886 1337 1004 1411 ἄρχεσθαι
1021 1339 1056 1390 ὢν
1073 1337 1202 1410 τριάκοντα
1224 1336 1293 1393 ίιίίνν.
1330 1337 1393 1391 Νοιν
1405 1341 1470 1391 caiae

302 1427 447 1494 inteilipcot
452 1428 625 1495 participium
636 1423 671 1476 ὧν
683 1429 801 1490 tacitam,
817 1427 883 1495 qood
897 1429 1012 1478 οπιίιιυαι
1029 1433 1067 1478 eat
1080 1443 1111 1478 ne
1127 1433 1267 1494 repetatur,
1278 1417 1309 1489 ἦν
1320 1419 1469 1494 ἂρχόμινος,

214 1551 217 1558 ι
302 1513 332 1564 id
343 1520 380 1563 eat
389 1509 488 1580 ἤρχετο.
511 1510 581 1564 Haec
592 1510 645 1564 ille.
668 1510 714 1566 Via
727 1515 767 1564 eat
777 1511 858 1580 igitur
869 1511 955 1564 omnia
967 1511 994 1564 in
1006 1510 1133 1566 vocabalo
1145 1511 1208 1574 iato,
1219 1506 1357 1580 ἀρχόμενος
1369 1509 1468 1580 μελίη

303 1595 372 1666 quod
388 1597 421 1649 ad
436 1596 539 1656 initium
555 1597 647 1650 aetatis
663 1597 816 1651 tricenariae
832 1596 947 1650 reiorunt
963 1611 1062 1650 omnoa.
1094 1595 1145 1649 Sed
1164 1595 1286 1650 Onuhiaa
1301 1611 1368 1650 rm
1385 1610 1468 1648 annea

302 1682 419 1737 evolutae
435 1697 466 1735 ac
477 1697 574 1752 pancoe
584 1681 639 1736 diee
648 1682 778 1736 tricesimo
787 1681 882 1736 libatos
894 1682 1041 1746 existimat,
1058 1682 1134 1752 qnaai
1150 1679 1220 1734 iatud
1232 1681 1267 1734 sit
1278 1676 1398 1750 ἄρχεσθαι
1409 1673 1468 1732 εἶναι

202 1807 208 1816 .
302 1763 356 1827 dcci
368 1764 429 1820 ίτῶν
442 1765 465 1819 λ.
487 1767 604 1837 Scaliger
615 1773 696 1838 negat
706 1769 815 1838 probam
827 1783 885 1822 eoae
896 1767 1065 1832 locutionem,
1076 1767 1127 1820 niei
1138 1767 1247 1836 triginta
1257 1765 1311 1820 iam
1322 1765 1387 1818 anni
1397 1781 1469 1820 com·

301 1853 365 1923 pleti
376 1853 437 1906 sint
460 1851 525 1906 Mihi
537 1869 612 1919 vero,
627 1858 657 1906 ut
672 1853 786 1922 ingenue
798 1852 883 1907 dicam
901 1853 970 1923 quod
980 1853 1076 1916 acatio,
1092 1852 1145 1905 ahia
1155 1853 1195 1905 rie
1207 1867 1265 1904 eaeo
1276 1849 1379 1904 ridetur
1389 1852 1467 1922 parti-

301 1938 363 2008 cipii
373 1937 456 2002 illius,
469 1953 549 2008 qnam
560 1943 590 1991 ut
600 1937 751 1992 inchoatum
761 1943 809 1990 aut
821 1939 954 2008 expletum
965 1937 1133 1992 tricenariam
1143 1937 1310 1990 demonstret
1326 1935 1396 1990 Nam
1406 1953 1468 1990 cnm

302 2023 431 2094 particula
446 2019 514 2092 ὡςεί,
531 2028 561 2076 ut
571 2038 652 2094 snpra
663 2023 822 2078 declaratum
834 2029 887 2089 eat,
903 2023 1064 2077 diminueffii
1074 2024 1115 2077 rel
1129 2021 1264 2076 dubitandi
1275 2022 1411 2076 notionem
1422 2021 1468 2076 ha·

302 2108 374 2172 beat,
392 2108 450 2178 quia
468 2109 569 2179 estqui
586 2109 721 2179 aeripeiaae
732 2108 832 2162 Lucam
842 2114 929 2179 putet:
953 2109 1100 2178 incipietur
1110 2125 1163 2162 eoae
1174 2109 1249 2161 ierac
1256 2110 1410 2177 μίυαπίπαι
1420 2127 1468 2160 aa·

301 2206 389 2246 noram
402 2197 527 2261 triptota!
549 2193 604 2248 Hoc
622 2194 692 2247 enim
707 2199 776 2248 eeaet
792 2193 826 2248 ad
841 2193 971 2248 infinitam
982 2193 1137 2264 particulam
1151 2193 1283 2248 inmitem
1294 2193 1407 2248 verbnm
1422 2191 1467 2246 ad·
1567 2247 1568 2258 ,

301 2279 391 2344 ίίοοιο,
404 2295 462 2332 cum
474 2284 529 2332 tam
540 2277 595 2339 ὡςιί
614 2295 694 2348 qnam
710 2275 847 2350 ἀρχόμενος
863 2279 994 2334 infinitam
1005 2279 1164 2349 minimeque
1176 2277 1375 2332 determinatam
1385 2279 1468 2349 rigni·
1567 2267 1568 2286 ’

302 2363 451 2418 ficationem
467 2363 588 2418 habeant.
627 2363 717 2418 Placet
731 2365 812 2434 igitar
829 2365 938 2418 verbum
955 2360 1072 2435 ἄρχεσθαι
1089 2364 1122 2417 ad
1138 2365 1242 2418 initiam
1258 2364 1467 2435 praedicationis,

302 2446 441 2519 οἰκονομίας
453 2449 495 2504 vel
507 2452 548 2516 πῆς
560 2445 696 2518 ἐπιφανείας
708 2449 815 2514 reierrc;
832 2449 894 2520 qnia
910 2455 970 2521 poat
985 2450 1158 2520 baptiamum,
1176 2451 1221 2520 qui
1236 2447 1363 2504 hwtenua
1375 2449 1467 2503 delitu-

302 2539 369 2600 erat,
385 2535 412 2590 in
429 2541 547 2606 apertum
563 2535 700 2606 lucemque
715 2535 818 2607 prodire
834 2535 928 2605 eoepit.
962 2534 1046 2599 Quam
1063 2535 1114 2588 loci
1129 2535 1206 2589 haina
1226 2535 1466 2606 interpretationem

300 2625 393 2692 postea
408 2620 477 2691 apud
493 2620 643 2674 Ianaenium
658 2621 811 2691 scriptorem
826 2620 1031 2676 eruditiaaimum
1046 2621 1143 2692 reperi,
1164 2621 1210 2691 qai
1229 2620 1339 2676 undam
1356 2621 1466 2674 eaeteria

301 2707 436 2778 anteponit
449 2707 578 2762 omnibus.
601 2705 755 2760 Praesertim
768 2723 828 2760 oum
839 2707 896 2759 Act
908 2723 926 2760 ι.
944 2721 1010 2760 com.
1022 2705 1063 2760 22.
1080 2705 1173 2759 οοιίοιιι
1189 2721 1270 2760 aouau
1281 2705 1390 2758 verbum
1401 2705 1466 2758 iilud
1566 2749 1567 2774 ι

301 2799 454 2863 usurpatum
466 2792 555 2845 suerit:
568 2789 592 2844 ίν
605 2785 627 2861 ᾧ
640 2788 730 2858 είςῆλθε
746 2791 786 2842 καί
803 2789 900 2858 liiidie
918 2787 956 2860 ἐφ’
968 2789 1032 2862 ἡμᾶς
1045 2788 1059 2842 ὃ
1071 2791 1152 2861 κύριος
1165 2788 1259 2858 Ἰησοῦς
1271 2788 1404 2861 ἀρξάμενος
1416 2788 1464 2842 ἀπὸ

271 2907 275 2914 -
300 2881 344 2930 τοῦ
357 2877 524 2947 βαπτίσματος
535 2875 659 2930 Ἰωάννου.
677 2875 711 2931 nt
722 2893 778 2947 cap.
791 2895 816 2940 x,
829 2875 870 2931 37.
883 2873 1016 2947 ἀρξάμενον
1028 2872 1077 2928 ἀπο
1090 2879 1132 2944 τῆς
1144 2875 1276 2936 Γαλιλαίας
1288 2873 1350 2946 μετὰ
1361 2877 1390 2928 rb
1403 2874 1465 2944 βᾶπ·

301 2979 382 3031 τιαμα
418 2961 490 3025 Quae
507 2963 603 3016 aivera
620 2968 695 3026 aunt,
712 2967 821 3032 apparet
836 2978 870 3015 ex
886 2962 938 3015 iiiia
954 2961 1041 3016 Lucae
1052 2962 1138 3016 verbio
1154 2965 1252 3017 cenum
1264 2963 1357 3020 aetatis
1369 2959 1466 3016 Ghriati

300 3053 403 3117 tempus
421 3047 522 3100 definiri
537 3063 591 3100 aon
606 3063 694 3118 poaae.
716 3047 770 3100 Nec
782 3051 822 3100 oet
833 3047 904 3117 quod
915 3053 1043 3100 certorum
1054 3047 1161 3102 Petrum
1172 3053 1317 3118 opponatur
1328 3047 1465 3112 antoritaa,

301 3132 347 3201 qui
357 3149 410 3186 uon
421 3129 491 3184 aliud
503 3131 635 3186 affirmare
646 3137 757 3202 peaaunt
768 3147 847 3202 quam
864 3131 933 3202 quod
950 3149 985 3186 ex
996 3133 1068 3188 Luca
1082 3132 1238 3198 didicerant,
1252 3149 1339 3204 aeque
1355 3139 1397 3187 eat
1410 3133 1465 3188 ulta
1565 3143 1566 3160 ³

301 3217 367 3270 ratio
385 3233 430 3270 cur
447 3233 480 3270 ex
496 3217 602 3273 illorum
612 3217 698 3271 verbio
709 3217 807 3272 Lucam
823 3218 1023 3288 interpretemur
1034 3219 1121 3288 potiua
1133 3234 1212 3288 quam
1223 3233 1258 3272 ex
1268 3217 1341 3273 Luca
1352 3234 1419 3289 quae
1430 3219 1463 3272 ab

300 3303 352 3356 illia
364 3302 508 3356 aeaererari
519 3301 645 3358 ridentur.
669 3301 825 3372 Quanquam
835 3303 939 3357 tamatai
950 3319 1003 3357 non
1014 3303 1093 3358 modo
1103 3303 1205 3370 Patrae,
1216 3303 1263 3358 aed
1275 3303 1396 3378 atflLucea
1407 3305 1464 3374 ipae

300 3387 428 3458 periectos
446 3393 694 3458 consummatorque
709 3388 822 3442 ίιίιυιιοο
837 3403 920 3444 annea
936 3388 1044 3454 diceret,
1060 3389 1126 3444 nihil
1140 3395 1228 3444 tamen
1244 3390 1373 3453 obataret,
1392 3389 1463 3460 quin,
1564 3459 1565 3466 μ

301 3473 324 3526 ai
335 3473 422 3526 minua
433 3489 493 3527 oum
504 3471 611 3528 historia
622 3478 789 3543 congrueret,
805 3473 898 3528 eodem
914 3473 941 3528 id
958 3475 1133 3546 acciperemua
1149 3491 1230 3530 aenan
1242 3491 1295 3546 que
1310 3491 1369 3546 cap.
1380 3493 1410 3540 rr,
1421 3475 1462 3528 21.

300 3557 385 3612 Lucae
402 3558 471 3612 idem
489 3557 568 3612 dixit:
585 3559 648 3612 Poac
658 3568 839 3612 commeratae
850 3569 905 3614 octo
918 3562 985 3622 dieu
1003 3576 1063 3616 oum
1075 3565 1166 3614 octavo
1177 3560 1414 3632 ipaocircumoiana
1428 3561 1462 3612 ait

300 3661 373 3714 puer,
390 3649 420 3697 ut
435 3643 571 3698 Iaoaeniua
588 3645 716 3698 observat
739 3643 846 3698 Frustra
856 3645 938 3715 igitur
948 3644 1046 3715 Ignatii
1055 3647 1129 3700 lecua
1141 3646 1185 3699 ille
1197 3661 1231 3700 ex
1242 3645 1325 3717 Epist
1336 3645 1371 3700 ad
1382 3646 1459 3702 uren

300 3729 371 3782 velut
380 3733 563 3800 peremptoriae
574 3729 706 3783 obiicitur:
722 3729 762 3780 ααί
779 3733 842 3800 τρεῖς
859 3727 962 3791 δαίδας
979 3727 1041 3782 ίτῶν
1052 3729 1256 3801 πολιτευσάμενος
1268 3729 1401 3800 ipae-doto
1414 3729 1459 3784 ὗπὶν

300 3811 429 3882 Ἰωίιννους
443 3817 566 3868 advertar
576 3833 647 3885 pacm
657 3833 726 3868 oeaw
738 3817 780 3868 vei
788 3819 891 3879 ιπυίίνο,
905 3818 994 3868 oedem
1005 3820 1142 3886 resropori
1150 3821 1207 3870 iore
1219 3817 1316 3873 debeat.
1339 3817 1380 3870 Διι
1392 3817 1460 3870 enim

299 3901 358 3970 plus
371 3907 411 3953 eet
422 3901 518 3954 dicere:
537 3898 710 3952 ἐπολιτεύσατο
722 3903 785 3970 ιμίίς
801 3898 917 3970 δεκάδας,
934 3917 1025 3971 quam,
1041 3897 1199 3968 ίπλιίαθηοαν
1214 3899 1302 3972 ἡμίραι
1319 3898 1400 3972 ὀκτὼ,
1417 3907 1460 3956 rat

300 3987 369 4054 quod
384 3987 447 4040 alibi
464 3987 496 4041 de
511 3985 739 4056 tranatiguratioue
754 3986 858 4056 legitur,
875 3983 928 4056 μεθ’
939 3984 1030 4058 ἡμίρας
1043 3983 1097 4047 deri
1109 3981 1177 4039 ὀκτὼ
1194 4002 1254 4042 cam
1268 4003 1317 4040 aex
1327 3992 1429 4042 tanum
1443 4002 1459 4038 a

300 4070 431 4126 Matthaeo
443 4073 521 4126 solidi
530 4077 706 4126 numerentur.
724 4071 806 4125 Miror
816 4075 918 4125 tantm
928 4072 957 4125 in
967 4071 1020 4126 iilia
1028 4071 1124 4142 Ignatii
1132 4073 1219 4126 rerbia
1229 4073 1328 4142 aliquid
1335 4071 1459 4126 momenti

301 4155 414 4210 adillam
425 4157 582 4212 sententiam
593 4157 679 4212 ineaao
690 4157 830 4210 nonnullos
842 4157 969 4212 arbitrari
992 4157 1030 4210 hc
1040 4158 1063 4210 ai
1074 4158 1212 4212 autoritate
1223 4173 1266 4213 rea
1276 4159 1373 4228 agitur,
1383 4157 1459 4214 habe·
1562 4231 1563 4234 Ἴ

301 4255 359 4294 anua
372 4243 579 4312 antiquissimos,
597 4243 819 4312 graviaaimoaque
834 4242 937 4308 Patrea,
952 4243 998 4313 qui
1015 4259 1068 4296 non
1089 4248 1120 4296 nt
1136 4243 1254 4312 Ignatica
1274 4243 1399 4310 obicere,
1416 4242 1483 4298 aed¹
1562 4251 1563 4260 ¹

301 4329 402 4394 aperte,
414 4327 633 4396 quemadmodum
644 4326 729 4381 Lucae
740 4327 821 4381 verba
830 4343 848 4381 a
858 4328 933 4382 nobie
950 4327 1144 4400 interpretanda
1159 4328 1259 4394 ierant,
1275 4329 1459 4399 opinioneaua
1562 4321 1563 4331 ’

301 4408 451 4466 docuerunt.
474 4413 590 4468 luatiaua
604 4413 706 4484 hiartyr
721 4413 789 4468 Diei.
806 4429 866 4467 cnm
876 4413 1016 4484 Tryphone
1032 4429 1094 4484 pag.
1106 4413 1147 4469 92.
1164 4413 1224 4468 edit.
1240 4413 1306 4468 aee.
1318 4413 1410 4486 Steph.
1421 4413 1460 4468 aei

300 4492 430 4565 τριάκοντα
445 4491 499 4564 ira,
516 4499 533 4562 ἢ
550 4497 662 4567 πλείονα,
679 4500 695 4565 ἢ
712 4499 752 4552 καί
767 4495 889 4552 ἔλλααονα
906 4499 1001 4569 μείνας,
1018 4499 1102 4569 μέχρις
1120 4491 1150 4552 οὔ
1167 4498 1333 4570 προελήλυθεν
1348 4498 1460 4566 Ἰωάννης

301 4581 375 4650 κῆρυξ
386 4580 470 4632 edroi.
488 4581 596 4634 Dubitat
604 4587 691 4638 utrum
698 4597 782 4640 aanor
789 4585 899 4656 triginta
907 4583 1025 4638 chrisma
1037 4584 1192 4652 excomm,
1203 4599 1238 4641 tn
1247 4585 1319 4642 inita
1329 4586 1390 4642 illua
1401 4603 1460 4642 ton·
