3138 5044
1124 321 1259 380 clxxix

570 388 581 418 b

98 479 170 540 vader
179 477 322 544 duntaxat,
333 494 387 532 non
395 475 500 548 politico
511 491 574 544 near
586 475 728 532 cenandum
738 493 827 547 quem,
839 475 863 530 ei
872 477 958 534 minor
966 475 1008 534 hio
1019 476 1108 548 cyclua
1119 484 1260 551 neurpatue

97 562 190 630 luerit,
206 562 286 618 horae
301 564 362 618 illae
373 579 408 618 rr.
420 562 576 634 appendicea
587 563 615 618 in
627 563 707 618 finem
718 563 784 631 cycli
795 563 905 616 reiectae
917 568 986 618 aunt.
1020 563 1110 633 ltaque
1126 581 1185 619 oum
1202 575 1261 636 poet

97 650 202 717 cyclum
213 651 331 704 lunarem
342 667 387 704 arr
399 664 538 714 annornm,
555 648 587 702 de
604 649 666 704 eolla
678 649 821 704 rationibus
839 649 953 720 quinque
966 648 1033 714 dier,
1051 647 1129 704 horae
1147 657 1204 704 octo
1221 667 1260 705 re·

97 733 185 805 liqnae
196 735 295 804 lomnt,
311 736 425 808 quinque
441 735 497 792 diee
509 734 636 789 duntaxat
647 749 784 806 eupereaee
795 735 847 789 eibi
857 740 1052 806 perenaeeranty
1070 736 1163 805 quibua
1179 753 1260 790 reeen-

96 821 166 874 ratie
174 828 235 892 poet
242 822 330 892 cycloe
341 822 455 876 minores
466 826 570 874 aextnm
582 837 698 876 menaenn
710 819 823 874 eolidum
834 821 1029 878 intercalabant
1046 820 1086 875 lta
1097 821 1152 876 dice
1163 821 1261 877 fiebant

97 903 192 960 coola.
214 905 331 971 Quorum
343 905 484 978 οἰκονομίαν
494 913 573 978 lypua
584 907 627 960 ille
639 911 718 960 antu
729 907 877 976 propoeitna
889 907 1010 962 ostendit

166 993 256 1046 Altera
265 995 344 1048 ratio:
362 994 385 1048 ei
401 993 516 1064 quinque
527 992 581 1046 diea
593 992 670 1046 aelidi
681 1009 715 1046 nx
726 991 796 1046 horie
809 999 866 1046 ocio
879 991 985 1046 conflati
995 1010 1040 1048 τιν
1052 993 1127 1048 annia
1140 1009 1260 1064 arrogen-

97 1081 148 1132 tur.
167 1075 239 1142 Quae
251 1080 339 1133 omnia
348 1078 485 1149 diligenter
496 1077 577 1134 habea
589 1078 718 1149 explicate
729 1079 856 1149 anperina.
874 1077 924 1134 Ubi
936 1085 962 1132 et
973 1095 1007 1132 ex
1018 1086 1128 1150 utraque
1139 1078 1260 1136 methodo

96 1161 237 1234 Epiphanii
247 1165 329 1219 rerba
340 1165 507 1220 correximus.

168 1248 219 1302 Τοῦ
232 1237 402 1320 ὄγδοηοιοοτοῦ
414 1247 530 1320 τετάρτου
542 1247 630 1318 drona]
665 1250 782 1304 Mensem
798 1250 872 1304 illum
889 1251 1058 1306 embolimum
1075 1267 1219 1306 unacum
1234 1251 1262 1305 in
1286 1259 1360 1314 aeon

96 1332 151 1388 ane
163 1351 272 1391 annue.
285 1335 349 1390 anni
358 1336 505 1390 intercalari
516 1335 646 1401 debuerit,
661 1336 689 1390 in
704 1335 837 1406 eequentle
849 1336 915 1405 cycli
926 1337 1040 1407 primum
1059 1353 1156 1392 annum
1172 1338 1264 1392 confici

98 1417 176 1473 docel
186 1419 355 1492 Rpiphanine.
386 1422 465 1492 htqni
481 1421 724 1476 teneareeaedecabt.
735 1429 882 1492 poetremna
898 1439 982 1476 annue
994 1424 1096 1494 proprio
1108 1425 1162 1477 iam
1173 1424 1261 1478 embo·
1348 1491 1350 1500 s

96 1504 161 1558 huno
173 1507 305 1577 praeditae
318 1512 366 1560 eet
397 1506 454 1562 Duo
466 1507 546 1578 igitur
557 1508 721 1562 embolimaei
733 1523 791 1560 aeae
802 1508 920 1577 proxime
932 1517 1080 1578 aequentur.
1113 1508 1187 1574 Quod
1199 1510 1261 1566 olim

97 1589 197 1644 iactum
209 1609 266 1646 eene
277 1593 453 1647 Hebraeorum
466 1592 582 1646 doctores
594 1599 722 1648 eaeerunt
745 1593 800 1646 Imo
812 1607 873 1646 nero
890 1608 993 1646 menaea
1004 1595 1198 1664 ipei¹embolimi
1209 1595 1259 1649 dun

97 1677 177 1731 eimnl
187 1678 395 1743 incalcabuntnr,
407 1685 533 1748 eruntque
545 1680 594 1732 tria
603 1679 716 1732 hderim.
734 1676 786 1730 Sed
797 1678 888 1731 tertiae
900 1678 963 1730 anni
974 1695 1070 1734 nune.
1084 1681 1187 1733 initium
1200 1681 1260 1744 erit;

96 1777 130 1816 ne
143 1763 167 1816 ai
178 1761 260 1818 Ninon
276 1781 323 1835 pre
335 1763 405 1817 Adar
421 1763 600 1828 eubetituatur,
616 1764 716 1835 epoche
730 1764 820 1816 relicta
834 1764 972 1817 neomenia
987 1765 1014 1817 in
1031 1767 1160 1818 anteriora
1174 1766 1260 1818 laniae

97 1855 232 1918 evagetur.
266 1849 306 1903 De
321 1849 422 1904 duobna
438 1849 617 1904 embolimaele
632 1850 752 1920 proxime
771 1849 990 1919 consequentibns
1009 1849 1105 1904 fatetur
1121 1850 1260 1921 Kepleruey

95 1935 228 2004 portarium
233 1971 241 2000 ,
253 1933 285 1990 da
295 1936 378 1990 tribue
389 1935 495 1988 Adarim
506 1934 584 1988 obiici
594 1939 687 2006 potent
705 1933 758 1988 Sed
769 1941 906 2004 utrumqne
918 1951 952 1987 ex
963 1935 1086 1989 laterculo
1098 1943 1124 1990 et
1135 1935 1262 2007 superiori

96 2019 273 2092 disputatione
284 2020 493 2075 commodieeime
505 2019 659 2075 dleeolritur.
680 2019 747 2074 Nam
759 2021 828 2074 aliud
841 2027 881 2074 ael
893 2020 1179 2075 tcaeereedecabteridae
1191 2037 1261 2076 ecor-

96 2106 147 2160 aim
160 2121 192 2160 ac
204 2113 337 2178 reparatae
348 2107 457 2170 intueri,
469 2105 540 2160 alind
551 2106 578 2160 in
589 2105 686 2158 maiora
699 2108 772 2176 cyclo
784 2111 859 2178 aptae
870 2107 983 2160 invicem
1000 2113 1027 2160 et
1038 2113 1179 2162 consertae.
1211 2108 1269 2176 lli„

95 2207 176 2245 neree
187 2193 255 2262 cycli
266 2193 363 2263 cinguli
373 2208 419 2264 per
430 2207 488 2246 aeae
499 2210 515 2245 ν
526 2207 630 2244 meneee
642 2191 796 2246 embolimoe
807 2193 836 2246 in
846 2209 886 2247 ιιι.
899 2209 934 2246 rr.
944 2210 1001 2247 rur.
1014 2211 1050 2249 rr.
1063 2209 1116 2249 τιν.
1128 2194 1203 2248 annie
1215 2209 1260 2264 pe-

96 2277 209 2343 atulant3
225 2277 272 2332 eed
286 2279 314 2332 iu
330 2279 453 2332 concinna
470 2277 537 2331 aeria
553 2283 579 2330 et
594 2277 622 2330 in
635 2277 734 2330 maiore
745 2279 817 2346 cyclo
829 2295 882 2332 non
894 2295 998 2350 eemper
1008 2295 1061 2332 τιν.
1073 2281 1260 2336 embolimaena

96 2371 146 2420 aet
182 2363 256 2420 Unde
267 2379 352 2434 neque
363 2363 428 2418 dnoe
439 2363 545 2418 Anatim
557 2362 649 2432 exigit.
684 2363 833 2418 Postremae
844 2379 905 2418 vero
918 2365 1003 2418 ultimi
1019 2365 1086 2434 cycli
1102 2381 1199 2432 annue,
1216 2365 1261 2436 qai
1312 2359 1318 2368 '

97 2455 139 2502 eat
159 2465 278 2514 axanae„
297 2448 366 2502 hdar
382 2447 486 2520 qnidam
502 2449 612 2502 dieram
629 2448 680 2502 eibi
695 2448 825 2513 vendicat;
846 2465 877 2502 eo
897 2450 966 2520 qnod
982 2451 1081 2504 meneie
1097 2452 1121 2506 ei
1137 2468 1210 2505 mr.
1227 2467 1260 2506 ex

96 2535 197 2605 epacb'a
208 2535 340 2604 cyclorum
351 2534 485 2598 acareecit‚
496 2533 655 2604 proindeque
667 2551 695 2588 νι
705 2535 890 2588 embolimaeos
902 2534 996 2588 habere
1008 2535 1095 2602 debet,
1107 2543 1137 2590 ut
1148 2553 1207 2591 cnm
1218 2553 1260 2592 eo·

96 2618 146 2674 lari
162 2635 233 2674 anno
250 2629 382 2690 nwnpqne
398 2620 495 2674 lunula
513 2619 678 2690 adaequetur.
703 2619 800 2674 Verum
816 2627 890 2673 antor
901 2627 942 2672 eet
952 2618 1112 2690 Epiphaniae
1123 2623 1150 2675 ln
1162 2639 1259 2679 naue.

97 2719 198 2760 muna
208 2721 326 2760 mensem
337 2705 412 2759 illum
423 2721 481 2758 ecee
493 2704 614 2770 dilatnm3
627 2705 671 2775 qui
683 2721 743 2758 oum
753 2721 842 2758 revera
853 2706 888 2758 ait
899 2705 976 2770 hdar,
988 2704 1068 2758 Niaan
1079 2721 1096 2758 a
1107 2705 1219 2771 Indaeie,
1231 2711 1261 2760 ut

99 2791 200 2861 opinor,
216 2797 257 2844 eet
266 2790 359 2845 melna.
381 2790 444 2844 Inde
456 2791 566 2856 accedit,
580 2797 610 2844 nt
621 2789 746 2860 epocham
758 2791 819 2843 anni
831 2791 872 2843 aui
884 2791 1081 2855 armentrorum,
1094 2799 1120 2844 et
1130 2791 1158 2844 in
1169 2791 1260 2846 eodem

96 2891 169 2930 anno
181 2876 222 2930 bie
233 2874 329 2948 puecha
340 2877 532 2931 celebraverint.
556 2875 629 2940 Quod
642 2875 769 2928 uberrime
780 2881 856 2928 antea
868 2874 1026 2928 declaratum
1038 2882 1084 2930 eet

167 2961 200 3015 Oi
209 2978 269 3023 τινες
280 2960 385 3031 ὤφειλον
397 2955 475 3030 εἶναι]
509 2959 633 3016 Mundum
649 2959 691 3012 hic
707 2977 764 3014 eeee
781 2966 807 3013 et
824 2959 927 3032 quidem
939 2959 1035 3031 duplex
1052 2962 1186 3032 superiora
1196 2964 1259 3018 eah'e

98 3047 246 3102 oetandnnt.
268 3045 384 3101 Primum
394 3045 524 3118 cordacem
536 3050 606 3116 μῆνες
618 3045 769 3116 legendnm,
785 3063 839 3102 non
849 3047 1011 3118 τριαιοντοεὶς
1023 3046 1079 3117 μήν.
1103 3047 1201 3103 Deinde
1211 3049 1259 3104 dal.

98 3149 158 3188 aura
170 3139 213 3187 aet
223 3147 302 3203 enpra
313 3149 367 3186 au
377 3147 482 3187 maneae
493 3133 606 3202 reliquoe
618 3147 675 3185 aeae
688 3131 743 3186 diae
754 3149 826 3214 my.
841 3131 920 3186 herae
931 3151 966 3187 vr.
989 3133 1094 3204 Alioqui
1105 3147 1139 3188 ex
1150 3141 1259 3190 teeaara·

98 3219 197 3273 &met
212 3219 313 3272 Iuliana
329 3219 429 3273 dierum
439 3217 515 3272 olla.
534 3217 578 3283 12,
597 3217 709 3288 relinqui
723 3219 902 3273 tantummodo
920 3219 975 3273 diae
991 3227 1122 3290 oporteret
1141 3226 1259 3292 quatuor,

97 3303 191 3360 horam
202 3321 295 3372 uam,
308 3311 427 3374 erratque
436 3303 534 3358 lunaria
544 3303 742 3358 ternaradecaet
752 3304 851 3358 dierum
859 3303 934 3358 5109.
947 3305 994 3369 ll.‚
1006 3307 1129 3376 syzygiae
1140 3308 1260 3378 singulae

98 3389 138 3445 ie.
154 3389 195 3445 12.
207 3390 262 3444 49'.
274 3389 415 3461 35¹²⁵l1„''.
449 3391 542 3444 Antei
558 3389 590 3443 de
601 3407 655 3444 rrv.
663 3389 770 3444 Iulianis
786 3390 861 3444 ennie
877 3390 1024 3443 eximantur
1040 3389 1118 3444 horae
1135 3393 1213 3464 dnae,
1230 3399 1260 3448 ut

98 3477 152 3531 aiut
163 3475 219 3530 diea
230 3475 305 3530 5113.
320 3475 368 3542 10„
385 3475 593 3541 teeearadecabt,
610 3477 714 3530 lunares
730 3476 849 3547 eingnlae
866 3474 921 3528 dice
938 3473 1071 3529 habebunt
1081 3477 1156 3532 5109.
1167 3477 1201 3545 9.,
1216 3495 1258 3550 ey·

98 3563 194 3634 zygiae
206 3561 248 3616 29.
263 3560 302 3614 12.
313 3560 367 3614 48¹.
379 3560 509 3631 adding&
534 3560 608 3626 Quod
619 3577 669 3633 ego
680 3577 770 3616 nerum
781 3577 834 3615 non
846 3561 963 3615 arbitror.
986 3559 1158 3633 Corrigendus
1172 3566 1259 3636 itaque

97 3645 239 3721 Epiphanii
253 3653 299 3701 aut
313 3645 411 3700 librarii
426 3647 510 3717 ipeiue
526 3663 604 3712 error,
621 3649 699 3702 atrei
716 3647 790 3700 alzona
802 3643 869 3699 hareb
880 3645 980 3718 bpipcr,
996 3647 1038 3702 vel
1053 3646 1128 3702 alance
1140 3645 1207 3704 dard»
1219 3649 1258 3703 acl

98 3725 550 3804 dpnamachooloooacribeudum.
573 3732 639 3786 Vide
652 3731 939 3804 quaeanteadirimue.
1129 3748 1131 3754 ’

165 3818 198 3874 nl.
210 3835 292 3874 τινα.
315 3814 415 3871 'livam
426 3817 505 3870 τοίνυν
516 3819 625 3889 τοῦτον]
659 3818 718 3873 Non
733 3818 798 3872 illud
815 3817 958 3887 eignificat,
975 3818 1044 3888 qnod
1060 3821 1198 3875 arbitratm
1208 3819 1258 3874 lle·

97 3907 187 3976 plerue
203 3911 231 3958 et
246 3903 315 3975 quod
324 3905 409 3976 prima
419 3905 505 3974 epeeie
515 3905 582 3960 nelle
593 3905 702 3970 videtur,
718 3919 751 3957 ex
763 3902 841 3956 huiue
854 3903 919 3972 cycli
929 3904 1056 3972 pravitate
1065 3904 1143 3999 bidpo
1152 3906 1258 3960 Indaeo-

97 4007 157 4046 rum
165 3989 264 4062 paeeha
271 3989 420 4060 legitimum
426 3995 530 4061 tempna
545 3991 729 4054 anteceeeieee;
746 3989 821 4057 qnaei
832 3988 904 4042 bidai
914 3993 1017 4042 tantum
1028 3991 1162 4060 προήγηοις
1173 4007 1259 4047 avara

97 4095 152 4133 mv.
163 4075 235 4130 lacta
251 4077 296 4140 alt,
314 4073 467 4130 Pharleaeoe
480 4091 540 4130 vero
557 4077 606 4130 diei
623 4075 699 4129 unine
715 4072 844 4144 ὑπορβάοει
859 4075 1001 4128 cenetilnta
1015 4091 1067 4128 uno
1079 4076 1121 4129 die
1132 4077 1259 4131 dnnmxat

98 4163 270 4233 anticipaaee,
281 4177 341 4216 cnm
351 4161 431 4215 biduo
443 4161 525 4215 eolido
538 4161 652 4214 Ohrielna
664 4159 805 4214 Nicaenam
816 4177 871 4214 τιν.
882 4161 1055 4216 anteverterit.
1089 4161 1157 4216 Nam
1168 4163 1258 4218 eodem

98 4265 179 4303 nemu
190 4246 239 4302 hnc
250 4249 308 4302 loco
320 4247 387 4302 dixit
395 4245 506 4301 Indaeoe
516 4245 647 4318 epolepcv
658 4243 749 4316 ἡμέρας
762 4245 818 4316 bulo,
834 4261 886 4316 quo
898 4246 1029 4318 superiore
1040 4263 1158 4313 numero,
1177 4245 1257 4319 'Epo-

98 4350 144 4404 γον
155 4333 186 4386 τὸ
198 4331 286 4404 πᾶοχο
296 4333 344 4406 rnpb
357 4333 402 4386 hdo
412 4331 510 4404 ἣμιρῶν
522 4335 565 4383 τοῦ
577 4333 670 4401 φαγεῖν.
698 4332 733 4384 ht
742 4331 795 4385 illie
806 4331 878 4386 bidui
889 4332 1038 4402 anticipatio
1049 4347 1213 4404 nequaqnam
1224 4335 1257 4400 ed

97 4418 244 4474 Nicaeaam
255 4435 317 4484 ura,
330 4420 376 4474 aed
386 4421 420 4474 ad
430 4417 562 4474 iudaicam
573 4417 747 4487 vitloeamqne
759 4423 932 4489 comparatur,
945 4433 1012 4488 qnae
1024 4431 1083 4472 cnm
1093 4419 1121 4473 ln
1131 4419 1223 4474 feriam
1231 4438 1256 4474 v.

98 4505 191 4558 Martii
202 4521 258 4560 mx.
269 4505 404 4573 incideret,
416 4503 533 4559 Ghriatue
544 4517 603 4557 cum
611 4502 763 4558 ludaeorum
774 4504 853 4574 vulgo
865 4503 930 4557 teria
937 4519 977 4559 ιιι.
989 4503 1077 4558 Martii
1087 4523 1149 4564 ινιτ.
1161 4505 1257 4579 puecha

97 4589 249 4660 celebrarit.
283 4591 368 4656 Quare
383 4604 468 4662 nequo
483 4589 533 4645 hoc
548 4587 607 4646 loco
619 4589 664 4643 dio
675 4587 766 4661 ἡμέρας
777 4587 915 4660 προῦλαβον
931 4587 1073 4646 Nicaenam
1084 4607 1145 4659 nra,
1160 4591 1206 4649 aed
1222 4607 1255 4647 ex

1010 4695 1056 4752 M.
