3126 5046
275 249 318 306 00

275 410 385 471 rooant,
397 409 554 477 potestatem
566 404 691 458 ecclesiae
703 419 734 456 ao
746 403 923 458 sacerdotibus
935 403 1110 468 detraherent,
1126 406 1157 456 ut
1171 402 1286 472 reliquos
1301 401 1446 456 =eornndn

276 508 376 546 errores
387 492 519 554 omittam,
530 489 670 544 Noretiaui
680 494 806 559 tanquam
817 489 940 544 haeretici
951 488 1068 542 damnati
1079 493 1149 542 suut
1165 488 1271 558 Alioqui
1281 489 1383 559 lapsos,
1392 485 1447 540 hoe

277 583 318 631 est
327 577 489 631 idololatriae
501 577 658 646 contagione
669 575 798 645 pollutos,
814 575 842 628 in
858 580 1012 646 perpetuum
1029 575 1064 627 ab
1079 573 1189 628 ecclesia
1204 589 1369 628 summovere
1379 589 1448 628 uou-

277 663 339 716 dum
350 679 397 733 pro
409 661 539 716 haeretico
552 661 654 714 decreto
667 661 802 730 cognitum
813 659 905 714 luerat
939 660 1088 725 Quinetiam
1103 660 1195 730 priscis
1211 660 1264 712 illis
1275 657 1392 712 florentis
1402 673 1450 711 eo-

277 750 371 802 clesiee
383 747 544 817 temporibus
557 747 634 800 certis
643 752 807 816 peccatorum
818 747 957 816 generibus
967 745 1151 801 commuuione
1159 744 1339 809 interdictum,
1350 749 1377 796 et
1387 744 1449 813 qru'·

277 835 337 888 dem
354 841 479 904 perpetuo
496 833 592 898 inisse,
615 831 808 902 quamplurima
829 832 940 886 concilia
955 848 987 884 ao
1004 831 1053 886 SS.
1069 830 1118 884 PP.
1139 831 1289 884 testimonia
1305 829 1448 884 declarant.
1561 843 1562 850 ¹

278 919 353 984 Quod
369 935 428 972 oum
444 917 478 971 ad
489 919 625 988 antiquam
636 917 760 970 ecclesiae
773 917 937 988 disciplinam
949 916 1158 987 cognoscendam
1169 915 1390 986 psmeefflnrium
1400 915 1448 977 ιη,
1561 929 1562 1002 ,

278 1010 305 1058 et
315 1005 349 1058 ed
360 1005 446 1058 varios
457 1020 521 1057 usus
537 1007 725 1074 opportunum,
741 1019 791 1056 nos
809 1019 876 1073 quae
894 1003 925 1056 de
942 1019 974 1056 ee
990 1019 1018 1054 re
1034 1004 1115 1072 longo
1132 1001 1219 1056 studio
1230 1015 1264 1055 ee
1277 1001 1394 1071 diligenti
1408 1001 1448 1052 le·

279 1091 364 1144 ctione
375 1090 595 1160 conquisivimus,
612 1089 640 1142 in
651 1087 834 1160 theologorum
846 1089 1012 1160 potissimum
1025 1088 1137 1170 medam
1151 1087 1230 1159 paulo
1242 1087 1388 1142 momadus
1397 1101 1449 1142 ex·

278 1176 442 1248 plicabimus.

330 1361 530 1427 QUIBUSNAM
546 1361 774 1417 PEGOATORUM
791 1361 984 1417 eruentibus
1001 1361 1045 1416 ET
1062 1359 1241 1426 QUATENUS
1258 1359 1398 1415 meere

550 1463 731 1519 COMMUNIO
750 1465 803 1519 SIT
820 1465 856 1518 IN
872 1463 1034 1520 accensit
1045 1463 1177 1520 vesum.

348 1602 455 1656 Nullum
467 1619 525 1656 esso
537 1603 623 1656 delicti
634 1601 780 1673 flagitiique
792 1619 890 1672 genus,
908 1603 976 1672 quod
988 1619 1041 1657 nou
1053 1602 1143 1656 eadem
1157 1603 1215 1668 ille,
1232 1617 1300 1672 quae
1315 1601 1400 1672 ligere
1416 1615 1451 1652 ac

280 1689 390 1742 rotinere
402 1695 501 1758 potest,
514 1689 614 1742 solvere
626 1705 656 1742 ac
668 1690 799 1742 remittere
811 1689 896 1759 possit
906 1689 1029 1742 ecclesiae
1040 1693 1169 1758 potestas,
1185 1703 1270 1758 neque
1283 1687 1450 1758 prebend-

281 1772 330 1826 hoc
343 1776 399 1828 loco
412 1779 466 1839 est,
483 1791 568 1844 noque
585 1775 619 1826 ab
637 1774 695 1826 aliis
714 1789 793 1843 quam
810 1775 843 1826 eb
860 1775 989 1844 evangelii
1005 1780 1082 1844 atque
1099 1773 1223 1826 ecclesiae
1234 1772 1409 1826 desertoribus
1419 1771 1451 1824 in

282 1861 485 1913 controuersiam
498 1860 642 1914 adducitur.
663 1859 746 1912 liuius
758 1875 819 1912 sero
831 1861 967 1931 potestatis
979 1875 1070 1924 mum,
1088 1860 1186 1912 cumin
1198 1857 1313 1914 eiusdem
1325 1858 1452 1912 amaea

283 1946 388 1998 arbitrio
401 1945 502 2016 positus
515 1945 562 2010 sit,
574 1946 645 1998 sarie
657 1951 830 2015 temperatum
842 1951 869 1998 et
880 1945 1089 2000 administratum
1100 1961 1157 2000 esse
1169 1961 1221 1998 uon
1233 1943 1343 1998 dubium
1354 1949 1406 2006 eat,
1423 1949 1453 1996 et

282 2030 316 2082 ad
328 2030 512 2083 continendam
524 2031 744 2100 cruciandamque
756 2030 918 2102 disciplinam
932 2031 1104 2084 severioribus
1115 2029 1244 2084 interdum
1256 2031 1360 2099 legibus
1374 2033 1401 2082 et
1409 2029 1452 2081 in·

283 2115 380 2168 stitutio
396 2115 555 2172 adstrictum.
591 2116 718 2178 Quocirca
735 2117 784 2168 sub
801 2117 887 2188 ipsum
905 2115 1066 2170 Christianae
1082 2117 1216 2186 religionis
1234 2115 1386 2180 exordium,
1401 2111 1452 2166 lla·

283 2205 377 2268 grente
388 2217 517 2270 peraeque
530 2201 616 2254 studio
628 2201 732 2272 pietatis
745 2207 771 2254 et
782 2203 955 2272 improbitatis
967 2201 1039 2266 odio,
1052 2202 1134 2256 multo
1143 2207 1170 2255 et
1178 2201 1348 2271 gravioreein
1358 2199 1453 2254 teum

198 2333 203 2345 ,
250 2332 256 2345 ,
282 2301 383 2354 poenae
395 2293 422 2338 et
433 2285 606 2340 diuturniores
619 2287 774 2339 constitutae
786 2292 855 2342 sunt.
890 2286 962 2351 Quae
978 2303 1019 2340 res
1032 2301 1339 2357 eousqueprogressuru
1351 2283 1451 2349 babuit,

283 2376 314 2422 ut
330 2370 501 2424 atrocioribus
521 2370 677 2441 quibusdam
699 2372 839 2425 sceleribus
856 2373 933 2426 venia
951 2373 1164 2442 indulgentiaque
1184 2372 1300 2425 funditus
1321 2371 1453 2440 denegata

282 2455 373 2521 fuerit,
385 2435 520 2526 nunquar‘n
532 2461 633 2510 utrum
645 2457 755 2509 ecclesia
765 2457 925 2512 reconciliari
936 2463 1052 2528 possent
1080 2457 1155 2521 Quod
1166 2463 1195 2510 ut
1206 2458 1240 2510 ab
1251 2455 1382 2511 hodiernis
1394 2473 1451 2508 mo·

283 2541 355 2594 ribus
367 2547 392 2593 et
404 2542 530 2596 institutis
542 2541 684 2595 abhorrens
695 2558 728 2594 ne
742 2543 800 2611 quis
811 2543 960 2596 incredibile
972 2543 1082 2596 forsitan
1094 2543 1240 2607 arbitretur,
1252 2549 1371 2596 autorem
1382 2541 1451 2594 dabo

282 2627 484 2694 Tertullianum,
497 2628 581 2697 quiin
592 2629 658 2681 libro
671 2627 701 2680 de
710 2627 839 2681 Pudicitia
850 2629 916 2681 clare
925 2628 952 2680 id
961 2645 991 2680 ac
1001 2627 1095 2682 diserte
1104 2633 1222 2682 testatur.
1241 2628 1352 2699 Scripsit
1361 2633 1452 2680 eutem

283 2710 352 2766 huuc
364 2713 460 2766 librum
472 2729 532 2766 cour
544 2714 598 2766 iam
614 2729 648 2765 ex
665 2712 793 2766 catholico
805 2713 924 2766 Montani
942 2713 1027 2766 iactus
1045 2723 1114 2768 osset
1130 2714 1244 2778 assecla,
1262 2713 1386 2766 adversm
1403 2712 1452 2766 Ze·

282 2797 478 2870 phyrinipapae
487 2797 631 2864 decretum,
641 2815 693 2869 quo
703 2799 725 2851 is
734 2799 865 2852 adulteros
874 2801 1128 2870 postposuiteutiam
1137 2799 1311 2852 admittendos
1321 2797 1451 2852 edurum

283 2883 401 2952 Pontifex
417 2886 517 2936 seilicet
529 2890 653 2937 morimur
665 2885 830 2954 (Tertulliani
840 2886 920 2938 rerba
935 2891 1021 2950 suutt,
1039 2890 1171 2956 episcopua
1186 2891 1361 2954 episcoporum
1378 2885 1452 2947 dicit,

284 2985 329 3035 eqo
341 2979 366 3021 et
376 2968 503 3021 moechiae
516 2973 730 3037 etsornr'cotiorrs's
742 2972 836 3023 delicto
844 2975 1111 3040 puertiteutr'ujirrrctr's
1122 2973 1227 3024 diruitto
1264 2968 1341 3034 Quod
1354 2969 1453 3023 summi

283 3052 414 3122 pontificis
427 3053 539 3108 edictum
551 3055 726 3108 Tertullianus
744 3071 900 3125 oppugnans
917 3073 952 3109 ex
968 3073 999 3110 eo
1017 3056 1151 3126 redarguit
1167 3055 1237 3125 quod
1254 3071 1316 3110 curu
1332 3055 1383 3108 trie
1399 3055 1453 3108 siut

284 3139 442 3207 gravissima
458 3139 567 3204 scelera,
584 3140 742 3205 idololatria,
760 3140 927 3194 homicidium
944 3147 972 3195 et
988 3141 1157 3206 adulterium,
1175 3141 1290 3194 exclusis
1307 3146 1334 3193 ot
1350 3141 1377 3194 in
1394 3157 1452 3210 per-

284 3229 392 3292 petuum
410 3224 512 3276 reiectis
533 3225 635 3278 duobus
655 3226 760 3296 reliquis
781 3227 866 3280 solum
886 3227 1006 3282 adulterii
1025 3228 1123 3280 crimen
1140 3226 1174 3280 ad
1190 3227 1295 3280 reniam
1311 3227 1451 3297 exceperit

287 3309 358 3368 Quid
368 3313 438 3377 apia,
453 3310 550 3379 iuquit,
566 3311 714 3364 mollissima
731 3321 756 3364 ct
770 3311 953 3366 humanissima
970 3314 1128 3383 disciplina!
1162 3313 1218 3364 Aut
1231 3311 1345 3364 omuibus
1356 3316 1394 3364 es'r
1403 3311 1452 3364 loc

286 3411 338 3446 esse
351 3395 450 3447 debebis
461 3395 758 3466 (tenerrimarum),
776 3406 821 3450 out
833 3401 858 3449 εἰ
873 3416 921 3450 nou
937 3397 1061 3460 omuibus,
1079 3406 1168 3450 nostm
1183 3415 1244 3451 esee.
1281 3397 1451 3450 Idololovoss

285 3481 384 3550 quidem
395 3480 581 3533 etlomr'cr'dorn
592 3485 668 3534 semet
679 3485 798 3546 domnus,
813 3483 939 3536 morotum
951 3501 1010 3536 vero
1023 3485 1146 3536 demedio
1159 3485 1268 3551 excipio,
1283 3483 1452 3534 idololatriae

285 3581 460 3630 successorem,
470 3565 603 3618 homicidii
611 3577 801 3632 antecessorem,
810 3572 940 3638 ulmosque
949 3569 1091 3636 colleprosi
1107 3568 1237 3621 Personae
1249 3571 1397 3636 acceptatio
1408 3575 1451 3628 ert,

285 3651 483 3704 miserabiliores
498 3655 670 3720 poenitentioe
687 3654 820 3722 reliquisti.
854 3653 937 3706 Plane
956 3657 981 3706 er'
1000 3655 1117 3706 ostendor
1138 3655 1169 3706 de
1190 3653 1277 3722 patra
1294 3656 1452 3721 proeaees

286 3737 463 3805 exemplorum,
475 3747 671 3806 praeceptorum
684 3740 836 3803 coelestium,
853 3741 903 3791 soli
917 3739 1046 3792 moeclre'oe
1062 3749 1088 3792 et
1097 3744 1125 3796 r'n
1137 3755 1168 3791 eu
1174 3741 1350 3808 fornicationi
1360 3755 1452 3807 proque

285 3825 390 3874 toruum
397 3824 570 3891 poeniteutiae
582 3825 721 3892 erpandru.
744 3823 815 3878 Haec
826 3839 884 3894 cap.
894 3841 918 3878 v.
954 3824 990 3876 ht
1004 3828 1097 3894 postea
1112 3839 1170 3894 cap.
1185 3841 1234 3878 ιιι
1251 3821 1324 3876 Hirro
1340 3824 1453 3891 mequod

286 3925 362 3976 nepus
379 3909 555 3970 idololatriae,
573 3925 649 3976 neque
666 3913 787 3977 seoquini
799 3927 856 3978 pax
874 3910 906 3960 alr
925 3911 1040 3960 ecclesiis
1051 3911 1176 3963 redditur.
1212 3907 1285 3972 Quae
1301 3923 1450 3978 quanquam

285 3991 404 4046 Montani
415 3993 468 4046 iem
480 3993 596 4046 imbutus
609 4010 694 4046 errore
706 3995 850 4064 scripserit,
862 4011 896 4048 ox
907 3994 965 4064 ipse
976 3999 1063 4047 umen
1075 3993 1276 4064 argumentandi
1287 3994 1389 4047 ratione
1400 3991 1450 4046 ool·

286 4075 381 4144 ligitur,
394 4079 470 4131 certis
480 4079 632 4132 criminibus
641 4079 714 4148 pacis
723 4095 752 4131 ac
762 4080 853 4132 veniae
862 4095 937 4150 spem
947 4095 994 4150 per
1004 4080 1050 4132 illa
1061 4085 1179 4150 tempore
1190 4077 1354 4132 subtractam
1364 4077 1448 4132 turre

286 4158 321 4213 Ut
332 4163 402 4215 enim
413 4181 447 4216 ex
458 4180 502 4228 oo,
515 4164 584 4234 quod
596 4165 623 4216 in
635 4164 701 4218 libro
719 4163 750 4216 de
761 4164 860 4217 ieiunio
873 4171 963 4218 contra
973 4163 1114 4233 Psychicos
1126 4161 1269 4218 temelicos
1280 4163 1449 4234 reprehendit,

289 4246 357 4314 quod
374 4249 450 4301 unico
463 4247 684 4318 Quudregeslmao
700 4249 797 4302 ieiunio
816 4252 931 4304 contenti
949 4255 1052 4304 caetera
1068 4265 1085 4302 a
1100 4249 1267 4303 Moutauietis
1286 4250 1396 4302 iuventa
1412 4263 1449 4300 re·

286 4329 435 4400 puderent,
447 4333 680 4403 quadragesimalis
691 4335 782 4388 ieiunii
790 4339 906 4388 vetustos
914 4333 964 4388 boc
976 4336 1033 4404 ipso
1042 4334 1196 4388 Tertulliani
1203 4333 1355 4388 testimonio
1364 4337 1450 4388 senar

287 4415 431 4468 haereticos
442 4414 579 4471 hodiernos
591 4419 739 4484 adstruitur,
752 4420 790 4471 ita
800 4419 917 4490 proiecto
930 4419 1031 4474 duobus
1043 4420 1096 4474 illle
1109 4421 1217 4484 mum,
1229 4420 1271 4474 tel
1282 4419 1368 4472 tribus
1378 4417 1448 4472 inih'o

287 4501 402 4574 peccatis
413 4513 507 4572 pacem
519 4502 619 4558 nollem
634 4504 668 4555 eb
685 4505 794 4557 ecclesia
809 4519 975 4570 concessam,
991 4521 1025 4558 ex
1041 4505 1157 4559 eiusdem
1173 4505 1314 4558 autoritate
1331 4519 1363 4558 ao
1376 4503 1448 4558 retio-
