3138 5044
1180 310 1262 368 CLIX

103 483 184 522 caena
194 485 257 534 ιιι,
272 466 323 522 hoo
341 472 383 522 eet
396 485 449 524 ιιι.
461 467 519 524 Kal
530 467 593 539 λοι.
608 465 690 540 pridie
702 467 758 522 eius
771 466 835 532 diei,
853 483 904 538 qno
919 481 1012 538 passus
1024 471 1075 533 est,
1093 467 1171 522 biduo
1183 467 1264 538 igitur

101 553 243 608 Nicaenam
254 554 345 608 lunam
356 554 516 624 anticipavit
533 553 629 608 iccirco
641 551 789 623 apollodor,
801 553 885 624 inquit
895 551 1067 623 Epiphanius,
1079 551 1119 604 acl
1130 549 1221 623 ἔφαγον
1233 552 1262 604 το

101 637 194 711 Πάσχα
205 639 285 694 biduo
297 645 358 692 autc
369 639 516 708 legitimum
528 644 643 710 ternpus,
660 638 730 710 quod
745 643 801 694 erat
810 656 864 692 ιιι.
875 637 990 692 Nicaena
1000 637 1094 690 cadens
1105 637 1133 690 in
1144 656 1192 693 ιιι.
1203 636 1262 692 Kal.

102 723 183 788 Quasi
193 723 258 780 haec
271 725 363 790 verba,
375 723 514 794 προέλαβον
524 729 587 790 etc,
598 741 651 778 nou
663 723 695 778 de
703 723 805 778 Iudaeis
814 723 934 778 omnibus
943 722 1165 794 accipiendaaint,
1176 723 1223 776 aed
1231 723 1263 776 de

101 807 205 864 Christo
218 796 245 864 et
255 809 393 880 apostolis,
410 826 441 864 sc
457 810 535 880 siqui
547 816 608 864 aunt
618 809 675 875 alii,
691 810 738 880 qui
747 809 875 864 maiorum
886 809 952 862 ritus
963 809 1163 862 observaverint
1196 807 1264 862 Nam

100 895 171 966 quod
184 895 218 950 ad
229 894 339 948 Iudaeos
350 895 464 966 reliquos
475 896 580 962 attium,
596 895 696 966 pascha
710 911 786 950 eoum
802 896 830 948 in
841 899 973 965 posterum
984 893 1065 958 diem
1082 893 1132 948 hoc
1148 899 1189 948 est
1204 912 1263 948 ιιιι.

99 980 209 1036 Kalend.
224 997 275 1052 qno
286 996 382 1051 passus
394 987 434 1034 est
446 979 576 1046 Christus,
589 978 645 1032 καθ’
657 978 787 1050 ὑπέρβασιν
798 981 961 1034 traiecerunt
984 978 1057 1034 Unde
1068 997 1122 1034 non
1133 979 1224 1045 biduo,
1236 983 1266 1032 ut

100 1067 160 1130 alii,
177 1065 225 1120 aad
238 1083 291 1120 nno
302 1071 405 1122 tanturn
417 1066 458 1120 die
468 1063 611 1120 Nicaeoam
622 1084 676 1120 ιιι.
688 1066 905 1136 anticipaverunt,
922 1065 983 1135 qnia
993 1063 1097 1120 Iudaica
1107 1065 1201 1120 vitiosa
1211 1083 1265 1130 ιι,
1362 1085 1367 1095 ·

99 1150 217 1206 Nicaeae
228 1170 286 1206 ιιιι.
299 1152 470 1206 celebrarunt
502 1150 587 1216 Quare
599 1152 702 1223 scripsit
711 1149 885 1222 Epiphanius,
903 1149 1101 1220 ὑπερβεβηκότων
1114 1150 1195 1204 αὐτῶν
1208 1150 1264 1222 μίαν

100 1234 208 1306 ἡμέραις
227 1237 297 1308 qnod
314 1243 341 1290 et
356 1239 450 1308 repetit
465 1253 537 1292 nam.
550 1254 631 1290 ιιιιι.
666 1237 761 1292 Verum
779 1237 848 1308 quod
864 1235 988 1306 sequitur,
1003 1236 1070 1290 ieris
1080 1237 1157 1290 tertia
1167 1235 1265 1306 pascha

100 1321 260 1388 comedisse,
273 1321 342 1392 qnod
354 1323 419 1376 ieris
430 1342 454 1376 v.
466 1321 564 1376 iactum
577 1323 703 1394 oportuit,
719 1323 746 1376 in
758 1339 838 1394 qoam
849 1339 902 1376 arv.
913 1323 976 1376 luna
986 1321 1110 1390 (ludusa,
1122 1327 1149 1376 et
1159 1321 1265 1390 vitiosa)

100 1413 273 1472 convenerat,
284 1423 378 1478 parum
389 1408 440 1462 eibi
449 1413 567 1462 constare
576 1413 664 1462 censet
672 1405 857 1478 Epiphaniam,
869 1407 915 1477 qui
924 1407 1026 1477 quidem
1034 1407 1100 1460 ieris
1107 1408 1185 1460 tertia
1193 1406 1265 1460 Chri·

101 1497 172 1548 stum
181 1491 281 1564 pascha
289 1493 422 1564 peregisse
431 1493 506 1557 velit,
519 1509 579 1546 cnm
590 1494 654 1546 luna
664 1493 691 1546 in
704 1510 756 1546 ιιι.
767 1493 932 1570 praestiterit
949 1491 1076 1548 deterior
1087 1499 1177 1546 contra
1188 1509 1265 1546 evan·

100 1579 165 1648 gelli
175 1577 268 1643 tidem,
280 1575 409 1632 Christum
421 1577 486 1632 ieria
497 1596 537 1633 ιιι.
548 1576 646 1648 pascha
658 1578 810 1634 celebrasse.
830 1577 968 1648 Propterea
979 1578 1015 1630 ita
1026 1577 1207 1648 corrigendum
1219 1594 1265 1632 ex·

100 1663 216 1727 latitant,
229 1661 360 1716 Christum
372 1661 398 1716 id
410 1663 495 1734 egisse
507 1663 573 1716 ieria
584 1681 622 1728 v.,
635 1663 704 1734 quod
716 1663 858 1732 oportuerit
868 1681 913 1716 vn.
938 1662 994 1732 Ego
1005 1679 1066 1716 rere
1078 1679 1137 1716 oum
1148 1663 1266 1728 nondum

101 1747 249 1820 suspicarer
257 1747 431 1820 Epiphaniam
440 1749 491 1802 alio
501 1747 543 1802 die
552 1746 682 1802 Christum
691 1748 757 1800 velle
769 1763 847 1818 quam
858 1747 924 1801 feria
932 1766 956 1800 r.
966 1746 1064 1818 pascha
1074 1764 1152 1802 sunm
1161 1749 1264 1814 obiisse,

100 1831 165 1888 haec
179 1849 247 1904 quac
259 1833 291 1888 de
303 1852 357 1900 ιιι,
373 1853 408 1890 rv.
421 1835 580 1904 caeterisque
591 1833 662 1888 ieriis
674 1833 767 1897 inlicit,
785 1831 962 1886 similitudinis
973 1849 1065 1887 caussa
1075 1838 1201 1904 usurpata
1210 1850 1265 1888 cre·

102 1915 227 1974 dideranr.
262 1919 331 1974 Nam
349 1920 410 1990 quia
424 1920 488 1974 luna
502 1919 606 1974 iudaice
618 1938 685 1983 ιιι,
702 1917 815 1971 Nisaeos
825 1934 886 1972 vero
899 1935 946 1973 ιιι.
959 1917 1143 1984 celebraverat,
1161 1925 1190 1972 nt
1205 1935 1265 1976 eam

102 2005 169 2073 cycli
185 2005 339 2076 pravitatem
355 2005 436 2058 oculis
452 2005 602 2070 cohiberet,
618 2001 688 2058 huuc
705 2003 732 2058 in
749 2003 856 2058 modurn
874 2003 1003 2056 declarare
1014 2005 1140 2070 voluisse,
1157 2003 1264 2075 perinde

101 2090 172 2144 istud
184 2107 242 2144 esse
254 2106 284 2144 ac
296 2091 319 2144 si
329 2090 461 2161 fingamus
473 2089 608 2144 Iudaicum
619 2090 721 2159 cyclum
732 2089 789 2142 vitii
799 2087 863 2142 nihil
874 2087 1010 2155 habuisse,
1024 2104 1163 2162 severaque
1174 2091 1265 2144 lunam

101 2193 156 2230 ιιι.
168 2175 311 2230 ilicaenero
322 2175 349 2228 in
361 2175 449 2228 Martii
460 2193 515 2230 ιιι.
526 2173 661 2240 incidisse,
677 2191 708 2228 ac
722 2179 779 2228 tum
796 2175 940 2244 cogitemus
953 2173 1083 2230 Christum
1099 2175 1177 2230 biduo
1191 2176 1265 2230 illam

102 2266 308 2316 antevertentem
320 2279 374 2315 avr.
383 2259 505 2326 Kalend,
521 2261 576 2314 sive
590 2260 679 2314 Martii
689 2277 767 2330 xvrr.,
783 2258 880 2330 pascha
896 2260 1052 2325 comedisse,
1066 2261 1132 2314 ieris
1141 2260 1179 2327 3.,
1195 2261 1266 2332 quod

102 2345 167 2400 ieris
179 2345 220 2412 5.,
234 2345 285 2400 boc
297 2353 337 2400 est
347 2347 434 2400 Martii
445 2364 515 2411 ιιι,
532 2345 589 2400 fieri
601 2345 715 2400 decebat.
738 2345 805 2399 ram
816 2360 878 2416 ergo
889 2346 982 2400 vitiose
993 2347 1080 2416 cyclus
1090 2347 1134 2400 ille
1146 2345 1265 2402 iudaicus

103 2431 277 2486 decimonono
288 2432 376 2486 Martii
388 2433 479 2486 lanam
490 2449 545 2488 ιιι.
563 2431 693 2496 exhibuit,
710 2436 816 2500 temque
833 2431 966 2486 abnormis
983 2448 999 2484 a
1015 2448 1075 2486 vero
1092 2433 1170 2488 lunae
1186 2434 1265 2488 retie-

103 2518 171 2574 cinio
184 2516 235 2572 init
248 2518 295 2572 iila
311 2537 335 2571 v.
346 2517 411 2572 feria
426 2517 514 2570 Martii
525 2533 594 2581 ιιι.,
612 2531 690 2586 quam
706 2515 783 2570 tertia
799 2532 859 2571 cnm
875 2517 967 2586 quinta
982 2523 1143 2588 comparata,
1161 2518 1184 2572 ai
1199 2517 1265 2572 haec

103 2603 160 2673 ipsa
172 2602 288 2656 Nicaena
298 2602 398 2656 inisset.
429 2601 548 2672 Denique
565 2605 620 2655 tota
634 2599 699 2654 haec
710 2599 849 2672 Epiphanii
860 2601 999 2672 disputatio
1010 2600 1137 2669 ὑποβιτιιὴ
1149 2609 1175 2656 et
1186 2601 1264 2673 λόγου

104 2686 175 2758 χάριν
188 2693 324 2758 assumpta
334 2687 398 2742 mihi
409 2687 552 2741 ridebatur.
587 2686 656 2740 Saue
673 2686 765 2756 negari
778 2703 831 2740 oon
841 2693 940 2756 potest,
956 2703 1033 2756 quam
1051 2687 1072 2740 si
1087 2687 1152 2741 teria
1163 2707 1187 2742 v.
1199 2689 1265 2742 cele-

103 2773 195 2827 brasse
207 2771 340 2828 Christum
352 2773 551 2838 existimaverit,
562 2772 729 2842 probabiliter
740 2773 792 2826 ista
803 2771 928 2824 dicantm.

171 2859 270 2912 Verum
282 2858 343 2911 dom
355 2857 419 2911 haec
430 2858 554 2910 attentius
565 2863 719 2928 perscrutor,
732 2857 847 2927 comperi
858 2856 936 2908 aliam
947 2857 1103 2910 sanctissimi
1114 2857 1195 2928 petria
1211 2859 1265 2930 opi·

104 2944 211 2998 nionem
221 2943 317 3008 inisse,
335 2949 360 2996 et
371 2943 465 2996 ialaam
476 2943 549 2996 illam
561 2941 676 3014 quidem,
693 2941 738 2995 sed
754 2941 787 2994 eb
805 2957 835 2994 eo
852 2947 940 2994 tamen
952 2941 1088 3012 aliquoties
1100 2943 1265 3012 inculcatam,

104 3031 229 3084 nimirum
241 3029 349 3082 ludaeos
359 3029 497 3100 plerosque
509 3045 568 3082 enm
581 3025 683 3081 Christo
696 3025 794 3097 paseha
809 3043 887 3080 suurn
903 3027 997 3080 obiisse
1013 3043 1065 3081 nou
1080 3027 1145 3082 feria
1155 3047 1193 3095 v.,
1210 3030 1265 3083 sive

103 3115 185 3186 pridie
197 3115 254 3168 eins
266 3113 328 3180 diei,
341 3130 392 3184 quo
403 3129 496 3184 passos
508 3119 559 3178 est,
572 3112 618 3166 sed
628 3111 694 3166 ieris
703 3114 787 3168 tertia.
811 3111 885 3178 Quod
896 3114 982 3184 ipsum
993 3113 1168 3168 disertissimis
1179 3115 1265 3169 verbis
1290 3141 1312 3182 p
1322 3131 1366 3174 rte.

105 3199 179 3254 docet
190 3203 218 3254 iu
230 3201 301 3254 calce
312 3199 415 3253 Panarii
432 3198 521 3265 huius,
538 3199 565 3252 in
576 3197 745 3270 Expositione
756 3197 830 3252 Fidei
845 3215 917 3253 nnm.
929 3217 993 3255 ιιιι.
1027 3197 1076 3252 Ubi
1092 3200 1125 3253 de
1140 3201 1266 3254 ccclesiae

104 3287 197 3340 ritibus
214 3301 296 3356 egene
309 3285 427 3338 meminit
438 3286 504 3338 inter
516 3289 617 3338 caetera
627 3280 717 3337 ieiunii
729 3291 835 3354 quartae
852 3299 882 3339 ac
894 3291 983 3338 sextae
994 3284 1086 3352 ieriee,
1102 3286 1176 3339 cuins
1192 3286 1266 3340 insti-

104 3373 152 3426 tot
169 3387 291 3426 caussam
308 3369 402 3441 aperit:
426 3367 507 3436 ἐπειδή
524 3387 567 3440 περ
585 3367 757 3439 ἐπιφωσκούσῃ
774 3368 870 3441 τετράδι
887 3367 1022 3441 ουνιλήφβη
1036 3369 1048 3423 d
1061 3372 1154 3442 κύριος,
1172 3371 1212 3424 ael
1228 3375 1265 3442 τῷ
1285 3410 1291 3420 .

105 3454 274 3528 προσιββάτῳ
287 3453 440 3528 ἱσταορώθηι
468 3455 592 3518 Quoniam
609 3459 707 3508 ineante
720 3460 894 3525 quartusere'c
906 3457 1095 3528 comprehensus
1106 3466 1143 3509 eat
1153 3460 1266 3511 dominus

105 3547 209 3613 sisci-ic
221 3561 246 3596 a.
259 3545 403 3611 crucsfisos.
438 3541 495 3606 Quo
512 3541 596 3612 posito
613 3557 775 3610 consequens
792 3547 833 3594 est
848 3539 977 3595 Christum
995 3557 1026 3596 ea
1041 3548 1129 3608 nocte,
1144 3558 1211 3612 quae
1228 3543 1265 3596 ie·

105 3629 169 3682 riam
182 3628 207 3682 3.
220 3628 346 3698 seqnitur,
365 3633 391 3680 et
402 3625 504 3680 Iudaico
515 3627 595 3680 feriae
606 3627 631 3679 4.
643 3627 773 3691 tribuitur,
791 3631 895 3696 captum
907 3643 976 3690 esse,
989 3643 1048 3680 com
1059 3627 1136 3699 paulo
1149 3635 1209 3682 ante
1220 3645 1265 3698 pa-

105 3713 168 3768 scha
180 3713 345 3768 celebrasset.
366 3711 489 3766 Audierat
499 3713 588 3782 itaque
600 3715 626 3764 et
637 3727 653 3764 ι
663 3711 806 3765 maioribus
818 3718 950 3781 occeperat
961 3711 1119 3782 Epiphanius
1132 3713 1196 3767 duas
1207 3715 1265 3766 illas

104 3800 184 3854 iarios
202 3799 347 3854 dominicae
364 3797 480 3870 passioni
496 3797 645 3852 recolendae
659 3797 825 3868 praestitutas
841 3796 922 3850 inisse
938 3813 968 3850 ιο
982 3797 1079 3852 ieiunio
1092 3805 1264 3854 consecratae.

105 3884 172 3940 Cum
184 3892 273 3938 antem
286 3889 355 3937 certo
368 3889 497 3938 constaret
507 3883 572 3936 ieris
583 3901 618 3936 vr.
630 3883 657 3934 in
669 3897 744 3936 cruce
756 3881 882 3935 snidxnm
894 3898 963 3948 esse,
978 3885 1051 3936 nulla
1065 3884 1194 3954 passionis
1210 3884 1265 3936 eius

105 3977 203 4024 restare
214 3969 272 4024 visa
284 3975 324 4024 est
335 3969 387 4023 alia
397 3985 458 4042 pars
470 3985 548 4038 quam
560 3965 755 4038 comprehensio
768 3971 794 4020 et
810 3967 935 4037 alligatio.
967 3967 1077 4021 Proinde
1091 3969 1156 4021 ieris
1168 3985 1202 4023 ιι.
1220 3985 1265 4039 ap-

103 4062 211 4128 petente
222 4061 329 4127 captum
342 4063 419 4126 atque
430 4055 545 4109 vinctum
557 4069 613 4106 esse
624 4051 758 4106 dominum
770 4051 883 4106 credidit.
906 4051 995 4122 Neque
1006 4066 1067 4106 vero
1084 4054 1134 4107 alio
1149 4061 1266 4124 tempore

105 4157 186 4213 quam
199 4159 251 4212 quo
262 4139 351 4194 ludaei
361 4140 477 4212 plerique
489 4139 618 4193 celebrare
629 4139 718 4193 voluit.
754 4137 837 4208 Igitur
853 4139 931 4192 etiam
947 4137 1035 4192 Iudaei
1047 4138 1112 4191 ieris
1122 4139 1198 4192 tertia
1209 4155 1265 4210 per·

104 4233 225 4298 egerunt.
249 4227 362 4292 Vitiose,
373 4227 432 4297 quis
443 4230 541 4296 negat?
569 4224 620 4278 Sed
632 4223 701 4296 qnod
712 4223 899 4296 maximopere
911 4241 942 4278 eo
954 4223 995 4278 die
1005 4222 1103 4295 pascha
1113 4229 1266 4293 comederet,

104 4313 186 4366 biduo
199 4327 260 4370 cnm
271 4312 323 4365 iilis
335 4311 492 4384 anticipavit
514 4309 576 4364 Erat
587 4310 657 4364 enirn
668 4309 734 4364 ieris
745 4326 769 4362 v.
785 4300 873 4362 hiaru'i
884 4327 937 4363 ιιι.
949 4309 1143 4374 celebrandurn,
1160 4326 1221 4364 cum
1236 4312 1266 4364 in
1277 4341 1279 4346 ,

104 4395 176 4454 huuc
189 4397 258 4452 dem
270 4415 323 4454 nv.
334 4396 439 4452 Iudaica
449 4397 544 4452 vitiosa
555 4401 725 4450 concurreret.
761 4393 813 4448 Cur
824 4401 912 4448 anum
923 4394 987 4448 adeo
998 4411 1167 4468 praepropere
1177 4395 1267 4450 ludaei

104 4485 152 4538 isti
163 4481 261 4556 paseha
272 4481 449 4548 comederent,
460 4497 581 4536 caussam
591 4481 679 4536 attulit
689 4480 795 4538 nnllam.
816 4479 869 4534 Sed
879 4479 929 4534 hcc
939 4485 1028 4536 tamen
1038 4481 1187 4552 siguificare
1196 4481 1266 4534 ride-

105 4576 158 4638 tur,
169 4567 280 4624 ludaeos
288 4569 440 4636 nonnullos,
450 4567 570 4625 videlicet
577 4565 728 4624 Pharisaeos
737 4583 767 4622 ac
777 4565 892 4632 Scribas,
904 4583 1069 4622 communem
1076 4566 1144 4622 hunc
1153 4583 1266 4622 errorem
