3138 5044
306 293 400 350 oxnss

206 465 226 504 a
237 452 280 494 ιιι
306 465 404 504 annum
416 449 502 519 ipsum
513 448 642 518 recepisse
653 447 724 502 dorni
734 445 844 500 Iudaeos
860 461 940 517 qnam
955 444 1005 500 boc
1020 451 1136 516 tempere
1150 443 1218 516 apud
1229 443 1309 498 italos
1319 447 1367 498 ant
1379 441 1465 498 Griloe

306 536 410 588 lunares
421 533 536 587 Arabum
551 549 635 588 annos
652 533 796 598 observari,
813 531 881 602 quod
894 533 997 586 illorum
1008 532 1119 602 scriptor
1129 531 1238 601 adquin,
1254 547 1315 584 cnm
1325 531 1464 584 lutrarum

303 619 426 674 historiae
438 619 571 683 scriberet,
583 635 629 689 per
640 619 750 688 Hegirae
763 635 845 672 annos
857 633 996 672 numerare
1007 623 1110 688 tempas
1122 617 1272 672 insdtnerit.
1299 615 1370 670 Fieri
1380 616 1466 684 itaque

305 711 392 775 poteet
410 711 439 758 nt
456 705 672 758 Maccahaeorum
691 711 766 758 autor
779 702 883 757 Graecis
901 704 928 756 in
944 704 1023 758 rebus
1036 701 1164 757 ffiaecm
1179 708 1327 772 temporum
1341 701 1466 754 rationem

305 791 481 861 usurpaverit,
493 806 509 842 a
520 789 605 860 patria
615 788 808 858 domesticaque
817 788 960 853 diversam,
972 794 1018 842 ant
1029 794 1111 853 certe,
1122 794 1153 842 ut
1163 788 1327 859 popularium
1338 801 1467 840 annorum

304 892 444 930 numerum
455 892 471 928 a
484 875 643 929 Graecorum
656 891 716 928 aera
728 874 877 939 deduxerit,
894 874 1031 944 solumque
1042 875 1081 928 uti
1092 873 1189 928 dictum
1201 879 1254 938 eet,
1271 873 1377 926 n'talum
1390 871 1466 924 lirae-

306 977 394 1014 corum
405 961 438 1014 ad
450 976 512 1014 ence
524 977 607 1014 annos
619 961 861 1014 accommodaverit.
896 959 959 1023 Quia
977 967 1007 1012 ut
1021 959 1092 1012 abad
1107 959 1222 1012 dicamne
1238 973 1333 1029 eogere
1343 975 1395 1012 noe
1406 957 1467 1010 acri·

304 1047 386 1118 pteris
404 1047 482 1100 ullius
498 1047 635 1100 autoritate
652 1051 755 1116 potest?
789 1047 915 1115 Magnam
926 1044 1039 1098 hominis
1055 1044 1240 1100 confidentiam
1249 1044 1292 1098 rel
1303 1043 1467 1097 οιοίιιιιιὶαιιι

305 1139 407 1202 oportet
422 1132 515 1196 fuisse,
532 1133 577 1202 qni
597 1132 735 1184 levissimis
756 1131 918 1201 argumentis
939 1130 1059 1184 inductus
1079 1129 1209 1186 affirmare
1224 1135 1279 1184 tam
1299 1129 1417 1184 obscuris
1434 1129 1465 1182 de

305 1219 383 1272 rebus
394 1218 450 1272 sine
461 1216 696 1282 haesitationeulla
707 1218 827 1287 potuerit

350 1371 417 1436 QUO
435 1371 560 1426 DEMUM
577 1370 668 1424 ANNO
687 1369 741 1424 USl
760 1369 836 1423 SINT
854 1370 977 1425 lUDdEl.
1016 1369 1073 1424 UBI
1090 1369 1133 1424 ΕΤ
1151 1367 1421 1426 ΟΒΒΟΠΒΙΒΒΙΜΗΒ

494 1457 542 1511 EX
559 1455 738 1510 EPIPHANIO
756 1455 909 1510 lLLOllUdd
926 1455 1055 1510 OYCLUS
1073 1455 1277 1511 EXPONITUR.

372 1561 476 1614 Atenim
487 1559 571 1612 lunari
588 1575 656 1614 anno
668 1559 777 1612 Iudaeos
794 1575 856 1612 neos
872 1575 929 1614 ease
941 1557 1129 1630 propemodum
1139 1559 1262 1614 mortales
1274 1573 1365 1612 omncs
1377 1557 1468 1610 existi-

304 1651 385 1701 mant.
421 1646 536 1716 Ecquem
548 1646 629 1714 igitur
640 1645 751 1698 sormam
763 1646 850 1715 potius
863 1661 941 1714 quam
953 1644 1112 1715 Galippicam
1124 1645 1240 1715 amplexi
1251 1647 1329 1697 eunti
1363 1641 1395 1696 Si
1405 1642 1467 1712 Εἰρ-

304 1730 442 1802 parcheam
458 1738 485 1786 et
500 1747 579 1802 qnam
595 1731 819 1784 accuratissimam
830 1736 904 1800 petat
915 1730 1033 1801 Scaliger
1043 1731 1213 1784 recenh'orcm
1224 1729 1356 1784 Iudaicam
1367 1727 1468 1791 dixero,

304 1817 388 1870 dicam
401 1817 471 1888 quod
481 1817 509 1870 in
521 1817 589 1886 laag.
603 1815 701 1872 Gancn.
712 1817 756 1870 lib.
767 1835 807 1870 nr.
819 1833 844 1886 p.
856 1815 914 1871 215.
926 1815 996 1870 idem
1007 1817 1050 1870 ille
1062 1815 1164 1870 disertis
1176 1815 1261 1870 rubia
1274 1818 1414 1868 aeearerat.
1439 1813 1467 1866 ln

304 1919 355 1972 quo
368 1919 465 1973 magno
477 1919 506 1955 se
517 1902 627 1956 ludibrio
639 1901 762 1965 traducit,
778 1901 839 1954 dum
857 1917 905 1954 ena
922 1901 1123 1956 omniadecreta
1138 1907 1165 1955 et
1176 1901 1280 1956 oracula
1290 1899 1426 1964 convellit,
1443 1907 1469 1950 et

304 2005 371 2058 qnae
382 1993 455 2041 tanto
472 2003 531 2040 cum
546 1993 642 2040 conatu
653 1987 685 2040 de
697 1985 792 2040 Christi
807 1987 929 2056 passione
945 1987 1050 2058 caepim
1067 1987 1244 2051 adstrueret,
1260 2001 1330 2040 nora
1344 1985 1392 2040 illa
1409 1999 1467 2038 sen·

304 2074 386 2126 tentia
397 2073 525 2126 convellit
559 2071 611 2124 Sed
628 2077 747 2125 neutram
764 2072 898 2141 periodum
915 2073 984 2143 apnd
995 2073 1105 2126 Iudaees
1120 2089 1170 2126 usu
1186 2087 1218 2126 ac
1229 2069 1418 2126 consuetudine
1429 2085 1467 2124 rc·

304 2165 407 2230 ceptam
419 2158 495 2210 facile
507 2157 626 2210 dixerim.
648 2157 778 2210 Lucerem
795 2157 899 2227 quidem
912 2163 1014 2212 motum
1024 2163 1155 2228 utcunque
1165 2157 1225 2212 illos
1236 2156 1342 2227 assequi
1352 2156 1468 2210 voluisse

304 2244 431 2314 auspicor.
452 2242 519 2296 Nam
530 2243 557 2295 id
568 2243 660 2296 euadet
670 2241 808 2314 Iosephus,
820 2243 865 2312 qni
876 2243 920 2297 lib.
930 2261 969 2297 ιιι.
982 2243 1054 2314 Orig.
1067 2259 1124 2315 cap.
1133 2261 1158 2296 x.
1171 2243 1202 2296 de
1213 2239 1336 2314 paschate
1347 2242 1467 2312 loquens,
1562 2301 1563 2310 ρ

305 2329 350 2399 Τῷ
362 2327 389 2380 al
401 2328 470 2398 μηνὶ,
486 2328 583 2397 inquit,
600 2332 637 2397 τῷ
649 2327 777 2398 Ξανθικῷ,
792 2327 820 2388 ις
832 2327 922 2380 Neurode
935 2326 993 2400 παρ’
1005 2328 1064 2398 ἡμῖν
1075 2327 1197 2397 καλεῖται,
1214 2327 1255 2380 καὶ
1266 2331 1310 2380 τοῦ
1321 2323 1391 2388 ἔτους
1403 2324 1468 2380 iorlv

304 2412 383 2485 ἀρχὴ,
395 2410 643 2484 τεσσαρεσκαιδεκάτῃ
656 2412 718 2466 κατὰ
729 2412 845 2481 σελήνην,
857 2410 881 2466 ἐν
893 2417 955 2484 κριῷ
967 2418 1011 2466 τοῦ
1022 2412 1094 2479 ἡλίου
1105 2414 1266 2474 καθεστῶτος.
1300 2411 1355 2468 Neo
1369 2429 1427 2466 ιιοιι
1442 2419 1469 2466 et

303 2497 389 2564 Phile,
402 2499 446 2570 qui
456 2499 501 2554 lib.
514 2497 545 2552 de
554 2499 614 2554 Vita
622 2499 703 2552 Mesia
715 2497 779 2552 haec
790 2499 890 2553 scribit:
904 2499 948 2570 Τῷ
960 2497 987 2550 dl
1000 2498 1056 2568 ppei
1067 2499 1157 2570 τούτῳ,
1170 2499 1223 2570 περι
1235 2497 1468 2568 τεασαρισκαιδσιά-

304 2603 347 2652 τρι
358 2584 451 2656 ἡμέραν
463 2583 598 2655 μέλλοντος
610 2589 655 2636 τοῦ
667 2583 810 2650 σεληνιακοῦ
823 2583 915 2636 κύκλου
927 2583 1034 2654 γίνεσθαι
1049 2583 1216 2654 alamania,
1233 2582 1317 2654 ἄγπαι
1332 2582 1364 2636 τὰ
1381 2583 1468 2653 διαβα-

303 2671 374 2741 τήρια
384 2669 525 2740 hippoperis
538 2668 618 2742 icpr‘ti.
652 2670 781 2724 Nimirum
796 2670 823 2724 id
839 2671 867 2724 in
883 2671 971 2724 animo
982 2669 1034 2722 illis
1046 2677 1114 2734 arat,
1130 2675 1160 2723 nt
1173 2671 1295 2724 addanae
1305 2675 1396 2724 metus
1409 2687 1468 2741 prc-

302 2757 362 2827 pius
371 2756 535 2822 accederent;
551 2757 601 2810 etsi
615 2761 720 2827 propter
735 2755 802 2826 cycli
816 2756 901 2810 labem
913 2771 944 2812 ac
954 2755 1045 2809 ritinm
1057 2755 1186 2810 interdurn
1198 2755 1355 2810 aberrarent
1391 2754 1468 2820 Quod

302 2847 330 2896 et
341 2841 546 2896 (lhrieb‘ancrum
557 2842 677 2911 exemplo
690 2841 814 2894 declarari
824 2845 918 2912 puteat
949 2839 1016 2894 Nam
1028 2841 1107 2894 atilli
1117 2857 1178 2894 cnm
1188 2839 1318 2912 paschatis
1330 2841 1468 2896 celebrita-

302 2933 356 2982 tem
367 2927 401 2980 ad
411 2928 489 2982 lunae
501 2927 653 2998 ψηριαμοις,
668 2932 797 2998 qnantum
807 2927 889 2980 civilis
900 2943 964 2980 usus
975 2925 1079 2997 patitur,
1094 2927 1202 2997 exigere
1217 2933 1372 2982 conarentur
1388 2927 1468 2998 idque

302 3013 330 3066 in
342 3011 454 3067 llicaeno
466 3013 577 3066 concilio
588 3013 720 3066 decretum
732 3017 814 3077 eseet,
829 3013 857 3066 in
872 3017 946 3066 tanta
961 3027 1047 3066 rerum
1062 3012 1295 3066 nhoncmicarnm
1307 3012 1367 3066 luce
1377 3027 1411 3066 ac
1422 3029 1468 3082 pe
1560 3063 1561 3082 ρ

302 3099 373 3162 ritis,
388 3103 477 3152 tamen
494 3097 610 3168 effugere
626 3115 680 3152 non
696 3103 847 3168 potuerunt,
863 3098 927 3168 quln
941 3099 1075 3152 collectam
1087 3098 1188 3168 aliquot
1197 3097 1309 3152 saecnhs
1319 3097 1410 3152 labem
1421 3114 1468 3152 an-
1560 3087 1561 3108 ¹

303 3199 396 3236 norum
407 3183 441 3236 ad
452 3182 515 3236 haec
526 3189 617 3236 nostra
626 3189 728 3237 temore
737 3189 925 3254 propagarent;
942 3189 971 3238 ut
985 3200 1002 3236 a
1017 3184 1081 3238 solis
1096 3189 1171 3238 rnotn
1182 3183 1270 3238 decem
1281 3188 1352 3238 totos
1362 3183 1435 3250 dies,
1452 3199 1469 3236 a

302 3269 388 3322 lunari
399 3274 509 3339 quatuor
521 3269 675 3322 aberrarent.
699 3268 826 3334 Quocirca
836 3269 905 3322 idem
916 3269 1018 3322 ludaeis
1034 3270 1153 3324 eveniam
1166 3285 1221 3323 non
1231 3269 1321 3322 dubito
1332 3274 1468 3324 uteorum

203 3386 224 3426 μ,
234 3376 278 3418 m
303 3355 456 3407 neomeniae
471 3353 550 3408 biduo
568 3371 598 3408 ac
613 3355 698 3408 triduo
715 3371 904 3426 nonnunquam
918 3355 1038 3408 amediis
1048 3356 1125 3408 lunae
1136 3355 1251 3409 motibus
1262 3370 1294 3408 ac
1304 3355 1374 3408 reris
1385 3357 1468 3410 etiam

303 3437 475 3494 deflecterent.
510 3439 548 3493 Dc
566 3441 639 3509 cyclo
657 3445 683 3494 et
699 3456 826 3494 annorum
842 3440 916 3506 orbe,
932 3441 960 3494 in
976 3457 1054 3512 quem
1069 3441 1221 3496 neomenias
1232 3440 1400 3506 incluserint,
1417 3442 1469 3494 etsi
1559 3449 1560 3478 l

303 3523 368 3578 nihil
379 3523 518 3578 admodum
527 3525 634 3590 definio,
646 3525 786 3580 uerisimile
794 3531 883 3580 ικιιιαιι
891 3527 1009 3592 arbitror,
1021 3526 1128 3598 quodin
1136 3525 1185 3580 hac
1193 3525 1295 3580 haeresi
1301 3524 1467 3597 Epiphanius

302 3611 425 3682 exponit,
441 3627 503 3664 neca
521 3627 579 3666 esee
591 3609 685 3665 Christi
696 3617 812 3683 tempore
824 3611 933 3667 ludaeos
949 3611 1055 3682 perlcdc
1073 3611 1186 3684 quadam
1200 3627 1328 3666 annorum
1339 3629 1396 3678 arv,
1410 3613 1468 3668 sira

301 3713 401 3752 amre
410 3697 505 3769 potins.

370 3781 420 3848 Qui
437 3783 541 3854 quidem
556 3781 696 3854 llpiphanii
711 3783 784 3836 locus
800 3784 941 3854 plurimum
956 3783 1034 3838 debet
1047 3783 1222 3838 eruditissime
1232 3782 1357 3854 Keplerc,
1376 3785 1424 3855 qui
1439 3786 1467 3838 in

301 3869 400 3939 eclogia
411 3867 601 3939 chronologicis
613 3869 818 3922 luculentissima
829 3869 1004 3940 disputatione
1015 3868 1042 3922 id
1053 3869 1195 3940 praestitit,
1210 3874 1242 3922 ut
1254 3885 1288 3922 ex
1300 3867 1341 3922 his
1354 3871 1467 3926 salebris

301 3969 433 4025 emergere
444 3971 475 4008 ac
487 3956 572 4008 lucem
583 3955 697 4024 aliquam
711 3952 751 4007 hia
766 3955 795 4007 in
809 3955 922 4008 tenebris
937 3955 1033 4008 intueri
1048 3969 1194 4025 possemus.
1228 3951 1318 4024 Neque
1335 3956 1410 4010 enirn
1427 3963 1468 4010 eat

302 4041 370 4093 nllue
381 4041 451 4110 apud
461 4037 636 4111 Epiphaniam
647 4039 781 4092 obscurior
791 4055 822 4092 ac
833 4039 963 4094 difficilior
973 4041 1054 4094 locas.
1076 4040 1114 4093 Ac
1124 4057 1180 4106 rne,
1194 4040 1347 4112 pmmqaam
1358 4040 1467 4112 Kaplari

302 4127 486 4180 commentaria
496 4131 590 4179 nactur
602 4139 700 4190 essem,
716 4123 881 4178 vehementer
891 4131 1013 4192 torserat,
1030 4133 1057 4179 at
1070 4123 1190 4180 nonnihil
1205 4131 1294 4180 tamen
1307 4139 1381 4180 eram
1391 4141 1467 4180 aare·

304 4215 392 4275 cutum
404 4211 474 4282 qnod
484 4211 553 4264 illins
566 4225 615 4280 cpe
626 4209 793 4280 poshnndnm
804 4209 943 4282 expcliisse
954 4227 997 4266 me
1007 4211 1099 4277 fateor,
1111 4209 1282 4282 aequandam
1293 4211 1374 4266 etiarn
1384 4213 1466 4283 paule

302 4309 333 4347 ae
342 4295 386 4348 ille
397 4295 459 4350 iecit
473 4296 548 4349 aliter
564 4295 718 4366 explicasse.
755 4295 828 4350 Licet
843 4303 930 4351 autem
946 4313 980 4350 ne
995 4297 1052 4368 ipss
1067 4297 1173 4369 quidem
1188 4297 1240 4350 sibi
1249 4296 1377 4368 Keplerns
1388 4299 1466 4352 satia·

301 4379 388 4444 iaciat,
399 4397 484 4451 neque
492 4397 542 4450 ego
551 4381 673 4434 extricari
681 4397 757 4452 posse
766 4382 896 4436 confidam
905 4383 1002 4448 omnia,
1013 4383 1083 4454 qnod
1091 4399 1169 4436 neme
1177 4389 1279 4454 praeter
1286 4381 1464 4453 Epiphaniam

300 4466 367 4534 cycli
376 4467 452 4519 iatius
462 4467 610 4520 meminerit
620 4473 648 4520 et
657 4469 737 4521 rerba
747 4469 805 4538 ipae
816 4469 941 4522 mendosa
951 4470 1015 4536 sint,
1030 4485 1175 4540 proponam
1189 4475 1289 4534 tamen,
1306 4468 1396 4539 quoad
1407 4469 1465 4524 bre·

301 4551 408 4604 rhsime
416 4551 618 4620 planissimeque
627 4557 728 4620 potero,
740 4569 806 4622 qnae
818 4559 863 4606 aut
871 4569 932 4609 rara
943 4571 1000 4608 esse
1012 4555 1111 4622 iudico,
1122 4555 1321 4610 autcertereris
1329 4555 1463 4625 propiora
1556 4555 1557 4560 '
