3166 5044
292 293 375 352 XXX

292 445 610 520 νομικοένςιέέοέέορνέέᾶπο
629 445 927 518 recommemorent,
944 445 1232 518 τῶνκαὶγρομμοτέων.
1261 445 1370 500 Eosdem
1390 447 1455 500 eote

286 538 360 605 jecit
368 533 528 606 γρομμκτέιις
536 533 807 604 οένομοδιδοοκάλουςς
821 535 930 603 aquibus
941 536 1073 602 dietiepuit
1087 532 1143 596 τοὺς
1154 531 1277 603 νομικοὶις,
1293 549 1353 602 poca
1363 548 1454 586 occea-

292 620 500 674 aethors'soet's.
523 620 586 674 Ideo
600 629 669 674 recte
682 623 732 684 os't,
748 623 854 686 συνῆσαν
865 617 913 690 γὰρ
930 617 1013 679 αὐτοῖς
1025 618 1066 672 καὶ
1077 617 1100 671 oi
1111 618 1215 690 νομικοέ.
1239 617 1349 682 Eodem,
1369 616 1455 686 inquit

292 707 347 762 ioco
358 706 524 760 comebantur
533 705 674 760 Pharisaei
685 714 710 758 et
719 704 828 775 vopisci,
845 708 888 774 qui
898 710 1011 774 quemvis
1021 723 1096 758 enom
1107 721 1199 775 corpus
1209 702 1250 756 aab
1260 699 1345 774 ταγμέ
1362 705 1455 772 efficio

294 792 367 856 boot,
388 802 472 846 tomen
488 800 546 844 eret
566 793 702 846 disce-im
717 793 843 860 quoddam
858 794 925 844 inter
940 789 1097 844 Pbore'soeos
1113 788 1153 842 sed
1169 788 1226 849 τοὺς
1241 787 1369 858 νομοιούςς
1389 789 1457 857 qood

292 880 404 930 amerius
418 880 559 931 institutore
578 887 642 930 essct
651 876 852 930 Pharisaeorum
867 893 942 945 ρινιιιιι
959 877 1008 928 τῶν
1025 877 1140 945 νομικῶν.
1163 875 1229 930 Hine
1241 873 1387 928 denarium
1407 873 1456 926 im·

206 981 228 1022 t·
236 971 268 1013 ⁸³·
292 963 402 1034 priore
412 963 513 1033 arguit,
524 961 593 1034 quod
602 963 640 1016 its
650 961 738 1016 vertit:
758 961 819 1014 Coss
830 965 894 1031 ipsis
905 964 970 1014 enim
981 963 1058 1013 iidem
1070 970 1145 1014 erem
1155 969 1180 1012 et
1187 960 1298 1024 Νοοιέοέ,
1309 979 1353 1014 seu
1364 959 1456 1028 Lepta·

288 1052 378 1119 periti.
410 1047 462 1103 Sed
477 1047 616 1119 Epiphanii
631 1063 739 1102 sensum
754 1047 869 1117 pessime
883 1046 1066 1116 interpretatus
1086 1051 1127 1100 est
1146 1046 1272 1116 Scaliger.
1304 1045 1408 1100 Etenim
1425 1044 1455 1096 rb
1494 1105 1496 1115 Ι

293 1131 376 1194 αὐτοῖς
391 1149 445 1189 nou
459 1134 524 1188 alios
536 1149 616 1204 quam
632 1133 747 1204 scribas,
760 1133 815 1186 sive
826 1129 1066 1202 νομοδιδοοκέιλονς,
1083 1131 1226 1202 significat,
1244 1125 1279 1192 οἷς
1297 1134 1403 1198 συνῆσαν
1415 1129 1456 1182 καὶ

293 1216 317 1272 oi
331 1219 435 1290 νομικοί.
459 1218 526 1284 Quia
540 1218 646 1290 saepius
657 1217 834 1288 evengelistae
845 1215 950 1272 Scribas
966 1223 993 1270 et
1003 1215 1125 1286 Νομικοὶις
1138 1217 1213 1287 quasi
1225 1216 1359 1270 distinctos
1371 1216 1457 1270 nomi-

292 1310 368 1370 naut,
383 1305 488 1360 tametsi
499 1322 534 1360 ex
546 1304 638 1360 eodem
656 1309 745 1358 essent
761 1302 864 1368 ordine,
879 1302 957 1372 idque
968 1303 1010 1356 rel
1021 1300 1075 1354 κατ’
1088 1299 1243 1372 luciduco,
1260 1303 1301 1356 rel
1313 1293 1375 1372 ouis
1385 1300 1456 1356 Scri·

291 1390 386 1444 barum
396 1391 542 1461 complures
554 1395 628 1444 eraut
638 1389 735 1461 gradus
746 1393 774 1442 et
785 1388 885 1453 officie,
901 1405 962 1442 cum
976 1393 1004 1440 et
1018 1387 1137 1440 civilibus
1149 1387 1216 1442 forte
1232 1388 1407 1441 conductibus
1424 1402 1456 1440 ac

291 1475 504 1548 stipulationibus
515 1481 665 1548 praeessent
674 1474 767 1540 iidem,
784 1479 811 1528 et
820 1474 907 1544 legem
923 1474 1165 1544 interpretarentur:
1176 1471 1275 1528 Idcirco
1287 1477 1404 1539 συνῆσαν,
1416 1472 1456 1526 in·

292 1562 361 1632 quit,
376 1565 428 1623 τοῖς
440 1565 621 1633 γραμματεῦσιν
634 1559 656 1613 ei
665 1559 772 1631 vopisci,
788 1559 838 1616 hoo
850 1563 890 1614 est
901 1563 1028 1612 contenere*
1038 1569 1125 1623 crem,
1137 1575 1220 1612 uuum
1231 1555 1315 1628 τάγμα
1326 1564 1353 1612 et
1363 1573 1456 1628 corpus

291 1646 447 1704 efficiebant
470 1648 556 1718 equo
568 1665 622 1702 nou
633 1646 773 1701 admodum
782 1644 903 1700 abhorret
911 1643 1049 1700 serrarius.
1072 1643 1140 1698 Nam
1149 1642 1334 1714 μιτοιληκτικιῖις
1342 1641 1455 1714 Epipha-

291 1733 351 1786 nius
366 1733 464 1788 iudicat
478 1733 584 1788 eosdem
600 1749 660 1787 cum
677 1732 774 1788 Scribis
792 1748 850 1786 esse
870 1730 927 1791 τοὺς
944 1729 1071 1801 νομικοὺς,
1091 1731 1152 1784 licet
1167 1729 1271 1782 σιινιῑνκέ
1285 1746 1331 1782 τινι
1352 1729 1455 1800 proprie

292 1831 346 1872 non
357 1819 393 1872 sit
402 1818 472 1874 idem
483 1835 541 1873 esse
557 1835 617 1873 cum
632 1818 728 1888 aliquo.
750 1816 885 1872 Postremo
901 1831 1037 1888 perperam
1053 1814 1136 1877 αὐτοῖς
1152 1815 1186 1869 ad
1196 1813 1349 1869 Pharisaeos
1365 1813 1456 1868 reterri

293 1903 386 1958 docent
399 1921 466 1976 quae
477 1905 596 1976 proxime
606 1903 787 1958 subiiciuntur.
819 1900 898 1956 ’stit
909 1902 950 1954 eei
962 1900 1028 1972 rapi
1039 1901 1149 1971 τούτους,
1158 1906 1214 1954 tam
1222 1899 1345 1970 Νομικοὺς
1356 1900 1457 1956 seilicet

292 2006 371 2060 quam
383 1989 552 2060 Γρομμοτέοις.

358 2072 433 2141 ’Andri
445 2091 471 2126 ra
482 2072 549 2144 ῥύσιν
561 2073 677 2145 σώματος
689 2071 906 2144 ἀπεργαζομένην]
925 2072 1095 2126 Scribonium
1103 2071 1260 2143 pronunciat
1267 2070 1385 2142 Scaliger
1393 2070 1455 2138 ἂέθη

292 2155 396 2229 ἔκκρισιν
408 2159 548 2229 σπέρματος
559 2157 772 2230 ἀπεργαζομένων.
794 2158 889 2214 Audax
901 2158 979 2212 nimis
991 2157 1149 2224 emendatio,
1165 2157 1325 2228 minimeque
1335 2173 1456 2212 emessa·

291 2245 340 2300 ria.
363 2243 432 2298 Nam
448 2243 646 2315 ἀπεργαζομένην
662 2245 778 2316 passive,
797 2249 829 2298 ut
844 2244 907 2299 alibi
924 2260 1014 2314 saepe,
1029 2242 1079 2298 hoo
1095 2244 1154 2300 loco
1170 2243 1289 2314 sumpsit.
1321 2243 1369 2298 Est
1385 2244 1456 2298 enim

293 2329 409 2384 Graecae
423 2329 587 2400 proprietatis
603 2345 696 2400 perum
706 2329 804 2401 alioqui
819 2329 930 2400 diligens
941 2329 1114 2401 Epiphanius,
1126 2334 1156 2382 ut
1171 2334 1197 2382 et
1207 2328 1314 2386 Photius
1327 2329 1455 2384 observat

293 2415 367 2480 Quot
382 2415 406 2470 si
421 2415 632 2469 commutationis
644 2413 762 2469 nonnihil
778 2431 843 2486 opus
859 2414 989 2480 rideatur,
1009 2431 1060 2484 ego
1077 2416 1114 2468 ita
1130 2415 1286 2486 concipiam:
1310 2412 1372 2481 ἀηδῆ
1388 2413 1455 2484 ῥύσιν

292 2501 408 2572 οιέιμιιιος
428 2498 640 2572 οἰιιιργοζομένιιν.
664 2499 788 2571 iutelligit
806 2505 895 2554 sutem
915 2505 990 2592 ἾἾΡ,
1009 2501 1065 2554 sire
1084 2497 1268 2570 ἐξονιιρωγμύν.
1303 2500 1387 2572 Super
1406 2499 1456 2554 hee

291 2585 395 2658 έκκρέοιι
406 2592 480 2642 extat
490 2584 625 2640 Athanasii
636 2586 746 2657 epistola
755 2585 788 2640 ad
797 2586 921 2640 Animum
931 2584 1101 2640 monachum:
1115 2585 1160 2656 qui
1171 2586 1339 2656 quantumvis
1351 2591 1455 2657 praeter

291 2674 451 2728 uoluntatem
462 2671 604 2740 accideret,
615 2677 704 2726 chum
715 2671 792 2742 eulpa
802 2675 901 2726 careret
910 2670 1116 2726 addubitaverat

358 2756 503 2826 ’Evdcrsoce
514 2757 542 2812 bb
553 2757 609 2827 etc]
638 2757 784 2812 Secundam
795 2763 822 2812 et
832 2758 950 2828 quintam
960 2757 1054 2812 feriam
1065 2755 1272 2828 'theophylactus
1284 2773 1366 2828 aeque
1376 2761 1455 2827 atque

290 2843 451 2916 Epiphanius
466 2844 587 2911 meoet,
607 2847 634 2900 et
644 2843 820 2902 Hebraeorum
831 2843 891 2898 libri
901 2842 979 2898 iidem
990 2843 1097 2898 radunt
1120 2842 1156 2898 Ut
1170 2859 1202 2898 ea
1213 2843 1245 2900 de
1260 2860 1288 2898 re
1302 2844 1343 2898 rit
1361 2843 1453 2898 doctus

291 2931 387 2986 frustm
397 2930 561 2986 dubitaverit.
682 2985 683 2990 ,

359 3012 535 3068 ’Λπιδικέτονν
548 3013 575 3067 bb
586 3013 628 3082 τὴν
641 3013 793 3085 tatemere]
809 3013 947 3086 hoprium
955 3013 1220 3080 hoctuitLeritarum,
1232 3015 1278 3086 qui
1286 3015 1453 3080 decimum,

293 3115 358 3170 quas
369 3101 482 3172 populus
492 3100 641 3172 praestabat
651 3101 828 3158 sacerdotibus
844 3101 1007 3165 eximebant,
1027 3100 1202 3156 Nummorum
1212 3119 1288 3156 xvrrr.
1304 3101 1384 3172 Atqui
1399 3117 1453 3154 non

292 3202 383 3240 omnes
394 3184 526 3240 Pharisaei
542 3191 616 3240 eraut
631 3185 749 3250 Levitae,
769 3185 838 3257 quod
854 3191 943 3242 tamen
957 3183 1133 3257 Epiphaniam
1152 3187 1266 3240 sensisse
1281 3203 1316 3240 ex
1330 3185 1380 3240 hoo
1395 3187 1453 3240 loco

291 3271 419 3342 suspicari
429 3271 523 3342 aliquis
534 3277 631 3342 posset
654 3270 726 3336 Quae
737 3273 809 3326 euim
819 3272 916 3343 alioqui
926 3271 1092 3326 decumarum
1101 3277 1164 3326 sunt
1172 3272 1306 3338 decumae,
1316 3288 1454 3342 cumprae-

292 3363 331 3410 ter
342 3356 484 3412 Leviticum
496 3356 613 3412 ordinem
624 3356 746 3412 decumas
757 3359 844 3412 nullus
856 3357 1000 3428 acceperit?
1017 3357 1135 3414 Primum
1151 3357 1269 3412 omnium
1284 3357 1317 3410 eb
1329 3357 1454 3412 Israelitis

292 3442 420 3512 primitiae
429 3442 553 3515 despicis,
565 3443 655 3498 uriset
664 3443 728 3498 oleis
737 3442 919 3509 afferebantur,
930 3448 986 3496 tum
998 3443 1030 3498 de
1039 3443 1159 3516 frugibus
1171 3443 1310 3498 elaboratis
1316 3442 1455 3507 Therume,

292 3533 320 3580 et
334 3527 458 3584 decimae.
490 3527 620 3584 Therum
636 3529 664 3584 in
684 3529 743 3600 lege
760 3528 867 3583 definita
882 3545 937 3582 non
952 3535 1016 3582 erat
1044 3527 1096 3584 Sed
1107 3546 1124 3582 a
1134 3529 1268 3600 magistris
1279 3529 1454 3604 praescriptus

292 3611 385 3666 modus
397 3619 450 3679 est,
462 3619 491 3668 ut
501 3631 535 3668 ne
545 3615 633 3668 minus
644 3615 811 3685 sexagesima
821 3614 984 3686 penderetur.
1008 3613 1092 3678 Quare
1104 3616 1150 3685 qui
1160 3615 1281 3668 liberales
1293 3619 1378 3680 eraut,
1389 3629 1455 3684 qua-

291 3698 478 3769 dragesimam,
494 3700 566 3770 parci
580 3701 787 3770 sexagesimam,
807 3699 886 3754 medii
896 3700 963 3754 iuter
974 3705 1097 3770 utrosque
1108 3700 1141 3754 ad
1152 3699 1202 3754 hos
1217 3707 1263 3754 aut
1273 3700 1332 3754 illos
1348 3698 1454 3754 accede-

291 3783 363 3838 bant
385 3783 425 3838 De
436 3801 489 3856 qus
499 3801 527 3840 re
538 3791 611 3840 extat
618 3784 721 3858 losephi
730 3785 855 3856 scaligeri
865 3787 1019 3856 opusculum
1029 3784 1250 3840 interPosthuma
1272 3785 1312 3838 De
1323 3785 1356 3838 iis
1364 3785 1454 3855 itaque

291 3869 427 3924 Therumis
437 3871 539 3926 tomeun
549 3871 712 3942 accipiendus
720 3870 888 3942 Epiphanius,
900 3887 961 3926 cum
969 3869 1143 3941 τριοκοντάδοις
1154 3877 1181 3926 et
1191 3867 1385 3936 πιντηκοντέιδκς
1396 3887 1454 3941 per·

291 3955 390 4010 solutas
402 3972 418 4010 a
428 3955 574 4010 Pharisaeis
585 3956 763 4010 esse‘scribit.·
774 3955 848 4020 Quod
864 3957 887 4010 ei
898 3973 990 4010 verum
1007 3963 1058 4022 est,
1074 3958 1182 4028 egregie
1197 3957 1301 4011 illorum
1311 3955 1454 4010 liberalitas

292 4041 386 4106 extitit,
397 4047 487 4112 utpote
498 4041 543 4112 qui
553 4041 719 4112 praefinitum
729 4041 885 4111 amagistris
894 4043 1034 4096 terminum
1040 4045 1089 4094 τῶν
1101 4044 1304 4111 τιοοιιρακοοτῶν
1316 4057 1453 4112 superare·

250 4141 253 4150 ⁴
291 4126 351 4178 rint.
373 4127 434 4180 iiia
447 4143 525 4197 porro
536 4126 704 4180 decumarum
719 4126 788 4196 apud
800 4127 930 4182 Hebraeos
942 4143 1040 4198 genere
1054 4133 1157 4200 praeter
1167 4125 1310 4182 Therumss
1327 4133 1354 4180 et
1364 4129 1453 4198 primi·

291 4211 342 4264 tias
353 4211 434 4264 fuere.
464 4211 551 4266 Prima
565 4212 611 4266 illa
625 4211 676 4265 tuit
690 4227 769 4282 quam
780 4210 909 4266 Leviticae
924 4213 1004 4266 tribui
1020 4215 1159 4283 quotannis
1176 4214 1349 4284 pensitabant.
1372 4213 1452 4268 Num.

292 4295 606 4368 xv111.,20.csdetnceps.
633 4296 734 4361 Altera,
750 4313 830 4366 quarn
840 4299 952 4376 singuiis
964 4299 1040 4352 anuis
1051 4317 1131 4370 penes
1148 4317 1178 4354 se
1194 4300 1304 4370 quisque
1316 4299 1452 4363 retinebat,

291 4387 322 4435 ut
332 4381 381 4445 ibi,
392 4379 437 4434 ubi
448 4384 624 4438 sanctuarium
634 4388 702 4448 erat,
713 4382 759 4436 ilia
768 4389 927 4450 vesceretur,
938 4383 1059 4438 adhibitis
1071 4385 1104 4440 sd
1115 4386 1262 4440 convivium
1270 4384 1367 4439 Levitis
1376 4383 1452 4440 Deut-

291 4483 345 4522 xrv.
373 4465 461 4520 Tertia
471 4466 587 4533 demum,
604 4484 683 4538 quem
699 4468 774 4524 tertio
790 4485 894 4540 quoque
910 4485 979 4526 auno
994 4470 1024 4524 iu
1034 4469 1137 4526 Levius
1149 4477 1176 4526 et
1185 4471 1298 4542 pupillos
1310 4469 1453 4540 viduasque

291 4552 560 4618 broiencourt-,eod
571 4553 647 4610 Dent.
659 4570 716 4625 cap.
