3104 5038
1136 333 1266 388 cccxxi

106 519 169 557 xero
192 507 292 556 certum
315 511 356 558 est
378 497 410 556 'ex
429 503 461 556 iis
479 501 615 574 Epiphanii
632 504 732 567 uerbis,
755 503 855 556 iunium
872 504 899 556 in
918 503 1118 572 quadragesima
1134 521 1189 557 non
1206 511 1266 557 ante

108 604 246 659 vesperam
266 595 343 658 atque
363 603 483 640 occasum
504 589 585 641 solem
604 605 620 641 a
636 587 757 642 fidelibus
775 587 898 642 solutum.
933 589 981 641 Cui
1000 595 1201 642 consentaneum
1221 595 1268 650 est,

107 673 179 742 quod
197 691 257 726 cum
276 673 307 726 de
325 675 469 746 synaxibus
487 689 636 744 ageremus,
654 691 687 727 ex
706 673 865 728 Tertulliano
883 671 1030 737 docuimus,
1049 675 1173 726 stationes
1192 675 1225 726 ob
1243 674 1268 726 id

104 763 267 811 semiieiunia
285 759 372 812 vocari
390 759 458 830 qued
477 759 508 811 ad
526 759 615 812 horam
635 775 730 812 nonam
749 775 833 828 usque
850 765 1064 828 prorogarentur,
1086 775 1145 812 cum
1162 759 1270 828 majora,

107 844 257 914 cujusmodi
270 843 506 914 quadragesimalia
516 845 602 910 luere,
614 861 666 898 non
678 851 738 898 ante
749 845 815 896 lucis
825 844 924 896 exitum
938 843 1092 898 desinerent.
1116 847 1150 897 ht
1161 845 1270 897 Gonstit.

106 931 198 999 Δροσί.
215 929 260 982 lib.
274 947 298 983 r.
321 945 380 1000 cap.
392 948 467 984 xviri.
490 947 561 983 noua
578 932 619 984 vel
636 946 746 1001 vespera
767 945 813 999 pro
836 929 962 998 cujusque
981 929 1079 982 viribus
1096 929 1168 982 vesci
1182 929 1268 998 jubet:

102 1011 127 1064 έν
139 1013 168 1066 δέ
179 1015 233 1074 ταῖς
246 1013 342 1074 λοιπαῖς
360 1017 413 1076 ταῖς
425 1014 473 1086 προ
486 1018 528 1081 τῆς
540 1019 693 1085 παρασκευῆς
706 1013 790 1080 ένάτην
808 1013 884 1085 ὥραν,
900 1016 915 1079 ἢ
934 1011 1036 1084 ἑσπέραν
1050 1013 1150 1074 ἕκαστος
1163 1011 1270 1081 ἐσθιέτω7

102 1099 119 1164 ἢ
143 1097 213 1159 ὅπως
236 1095 264 1150 ἄν
281 1117 314 1160 τις
338 1099 443 1151 δύναιτο.
480 1101 632 1154 Ambrosius
651 1100 734 1154 Serm.
750 1117 826 1154 xxvi:
849 1100 919 1167 Repo
940 1117 995 1164 oca,
1012 1104 1115 1169 fratres
1133 1105 1269 1162 οανιόείπιί,

101 1192 131 1234 art
152 1188 180 1236 in
207 1189 254 1238 isto
272 1187 382 1253 legitimo
400 1195 522 1256 tempore,
546 1191 656 1256 exeeptis
674 1189 801 1239 dominica
820 1195 845 1238 ct
867 1179 972 1237 sabbato
990 1185 1088 1250 dicbus,
1112 1187 1194 1237 nullas
1212 1193 1270 1237 anic

105 1287 201 1321 nonam
215 1273 347 1340 prandere
360 1281 522 1340 praeminet,
546 1275 597 1324 oiri
610 1275 681 1340 sorte
703 1289 773 1342 quem
784 1273 906 1339 jejunare
923 1273 1058 1340 infirmitas
1075 1289 1123 1324 aon
1140 1275 1269 1341 permittit·

108 1353 180 1414 Quia
198 1356 259 1407 aliis
277 1357 363 1408 diebus
373 1358 496 1426 jejunare
513 1367 559 1408 aut
574 1359 722 1421 remedium,
741 1366 787 1408 aut
799 1361 941 1426 praemium
959 1367 1007 1420 eat,
1026 1362 1053 1408 ie
1070 1359 1268 1425 quadragesimo

100 1457 165 1492 vero
183 1459 231 1492 ιιοα
243 1443 365 1510 jejunare
381 1453 514 1512 peccatum
527 1451 570 1497 est.
605 1441 655 1506 Qui
666 1441 771 1512 quidem
783 1457 867 1496 sermo
880 1441 987 1495 totidem
1000 1441 1085 1495 verbis
1097 1443 1166 1513 apud
1179 1443 1269 1510 Augu-

102 1527 203 1578 stinum
225 1525 334 1598 legitur,
357 1534 449 1598 estque
466 1529 557 1582 Sermo
579 1527 611 1581 de
629 1527 718 1598 Temp.
732 1543 795 1580 narr.
831 1525 883 1583 Sed
907 1526 938 1579 de
957 1527 1068 1580 sabbato
1086 1528 1195 1580 verbum
1211 1528 1268 1580 nul·

100 1611 167 1664 lum.
203 1610 254 1666 Sed
271 1611 320 1665 hoo
337 1612 421 1666 solum
439 1623 468 1665 st
483 1619 595 1684 exceptis
613 1615 745 1666 dominicis
765 1613 851 1664 diebos
868 1613 950 1664 nultos
964 1613 1096 1682 prandere
1111 1623 1269 1682 praesumat.

102 1695 181 1760 Quod
203 1695 272 1750 idem
290 1703 329 1750 est
347 1713 377 1750 ac
396 1699 419 1751 si
437 1704 496 1752 ante
514 1716 610 1753 nonam
628 1698 698 1751 vesci
716 1695 869 1768 prohiberet.
906 1695 973 1761 Quis
991 1696 1128 1768 prandium
1147 1703 1206 1750 ante
1223 1697 1268 1750 ho·

99 1797 159 1834 ram
183 1787 286 1835 sextam
308 1783 467 1853 capiebatur.
502 1785 566 1838 Vide
585 1786 694 1854 August.
711 1783 793 1854 Epist.
816 1801 923 1836 nrrxvr.
958 1783 998 1836 lta
1015 1783 1156 1836 Cassianus
1175 1783 1267 1836 Gollat.

101 1884 158 1920 xxr.
179 1883 235 1938 cap.
248 1885 324 1922 xxrrr.
350 1870 391 1922 vel
409 1869 529 1923 'theonas
555 1871 624 1941 apud
642 1869 714 1922 illum
733 1867 867 1932 admonet,
891 1875 920 1921 nt
942 1868 969 1920 in
987 1867 1077 1920 diebus
1095 1867 1170 1921 iestis
1190 1869 1267 1932 mbos,

101 1955 147 2020 qni
164 1951 230 2004 hora
249 1955 301 2006 ἀίει·
318 1973 384 2006 ποκα
395 1959 488 2024 ficerat
506 1957 659 2024 capiendus,
673 1956 754 2024 paulo
773 1957 855 2016 citius,
873 1955 902 2004 id
913 1963 1032 2007 estsesto
1050 1955 1114 2006 hora
1128 1971 1178 2022 pro
1190 1957 1266 2022 sesti·

100 2041 194 2088 nitatis
216 2048 324 2108 tempore
347 2043 476 2109 capiatur.
516 2041 550 2093 At
572 2041 664 2110 priscis
682 2039 845 2114 temporibus
865 2055 918 2092 non
941 2044 1001 2092 ante
1024 2055 1159 2109 vesperam
1180 2038 1267 2091 cibum

103 2137 199 2192 capere
216 2130 419 2190 consueverant,
441 2125 467 2178 id
489 2125 557 2195 quod
580 2125 686 2195 insuper
702 2121 838 2194 Theophili
857 2123 1028 2177 Alexandrini
1049 2125 1121 2177 locus
1143 2123 1187 2177 ille
1204 2139 1265 2177 con·

98 2205 202 2272 firmat,
226 2223 303 2278 quem
316 2225 395 2280 supra
407 2209 584 2264 discussimus.
610 2211 782 2280 Posteaquam
800 2226 861 2264 xero
874 2209 907 2262 ad
923 2207 1015 2262 horam
1032 2225 1129 2262 nonam
1146 2209 1268 2278 vescendi
1282 2219 1354 2270 nass.

99 2297 207 2362 tempus
225 2309 362 2364 axespera
377 2297 534 2349 translatum
552 2303 604 2361 est,
621 2303 677 2349 tum
690 2297 822 2349 sublatum
834 2295 901 2349 illud
913 2295 1050 2349 discrimen
1063 2295 1180 2360 arbitror,
1198 2295 1267 2365 qnod

103 2375 235 2432 hactenus
257 2379 325 2433 inter
346 2381 471 2435 stationes
495 2387 521 2434 et
540 2381 641 2452 jejunia
661 2381 744 2436 luisse
765 2381 886 2435 uidimus.
920 2381 1034 2450 indeque
1055 2387 1096 2433 est
1120 2380 1190 2451 quod
1207 2383 1267 2434 Aur·

102 2461 208 2517 brosius
226 2461 309 2518 Serm.
322 2483 414 2521 xxxvr.
428 2467 530 2538 jejunia
547 2469 759 2536 quadragesimus
777 2471 898 2520 stonense
915 2466 1040 2536 appellari
1057 2465 1132 2519 dixit

170 2545 217 2600 Ἐν
234 2567 282 2601 τισι
293 2548 320 2604 δέ
332 2553 416 2612 τόποις
434 2555 474 2618 τῆς
488 2552 549 2623 μετὰ
560 2551 602 2619 τὴν
615 2551 747 2622 πέμπτην]
768 2549 963 2619 Ἀπονηστισμος
981 2553 1122 2620 estjejsrria'
1132 2553 1229 2614 aolstrb,
1241 2560 1267 2602 et

99 2631 304 2699 άπονηστίζεσόαι
310 2639 434 2706 jq'um'sm
452 2639 558 2692 solvere.
581 2637 634 2690 Nec
652 2638 727 2690 a'liter
744 2637 770 2689 iu
784 2635 883 2690 Graeco
896 2635 1029 2706 Hippolyti
1041 2637 1146 2688 Ganone
1157 2635 1265 2688 verbum

99 2719 165 2772 illud
184 2721 323 2790 accipitur,
341 2737 400 2775 cum
419 2723 467 2776 ait:
486 2719 688 2788 άπονηστίζεαθαι
706 2719 731 2772 bt
749 2721 785 2772 aa
802 2715 832 2772 οὗ
850 2721 878 2772 ἂν
896 2718 988 2790 έμπέστγ
1007 2720 1116 2789 supremi.
1152 2719 1265 2772 Tametsi

99 2803 220 2876 Scaliger
235 2807 263 2859 iu
275 2805 349 2860 Notis
367 2807 491 2862 edilium
504 2807 636 2861 Ganonem
655 2803 855 2871 ἀπονηστίζεσόαι
871 2813 946 2875 putat
969 2821 1026 2858 esse
1044 2809 1186 2873 transferre
1197 2807 1266 2873 jejo-

99 2895 177 2945 ae‘sm.
213 2889 287 2954 Quod
305 2893 413 2948 minime
434 2894 556 2965 procedit.
592 2893 705 2962 Tempus
734 2905 795 2944 uero
818 2890 976 2944 dissolvendi
994 2890 1101 2961 jejunii,
1124 2889 1178 2942 sire
1202 2889 1265 2942 hora

98 2979 144 3028 τοῦ
171 2973 509 3050 άπονηστιαμοῦταοίίίρίοπ
535 2979 592 3032 tuit
628 2977 737 3031 constit.
764 2975 844 3029 illem.
871 2975 915 3029 lib.
934 2995 959 3029 v.
985 2991 1040 3046 cap.
1061 2994 1127 3030 τινας
1172 2975 1216 3044 Τῷ
1240 2973 1266 3026 δέ

98 3058 220 3131 σαββάτῳ
244 3061 328 3134 μέχρις
350 3063 559 3135 ἀλεκτοροφωνίας
588 3061 769 3132 παρατείνοντες
796 3059 981 3126 &uespertinis
1003 3057 1188 3131 έπιρωσκοιίσης
1211 3062 1265 3130 μιᾶς

97 3148 149 3198 τῶν
168 3145 313 3215 σαββάτων,
335 3147 386 3214 ἥτις
404 3147 454 3201 ἐστί
473 3147 574 3220 κυριακὴ
592 3147 640 3200 άπὸ
664 3145 765 3220 ἑσπέρας
788 3145 833 3208 ἓως
852 3142 1062 3218 ἀλεκτοροφωνίας
1080 3144 1265 3215 ἀγρυπνοῦντες,

97 3230 140 3283 καλ
158 3229 197 3283 iri
210 3231 238 3283 rb
251 3230 310 3284 o’rurb
323 3227 375 3304 ένῇ
394 3233 511 3302 ἐκκλησίᾳ
528 3233 741 3304 συναθροιζόμεναι
759 3235 909 3303 γρηγορεῖτε.
943 3231 1023 3285 dubet
1040 3232 1265 3302 quadragesimale

93 3317 229 3386 jejunium
247 3319 314 3372 solvi
332 3319 363 3371 ad
383 3319 557 3389 gallicinium,
575 3325 605 3372 ut
622 3325 648 3372 et
665 3319 793 3390 superiori
807 3319 898 3388 capite.
920 3315 1061 3386 Dionysius
1073 3317 1264 3370 Alexandrinos

97 3401 132 3455 ad
150 3401 295 3470 Basiliden,
313 3403 478 3475 reprehendit
495 3421 540 3458 eos
559 3405 603 3474 qni
622 3405 699 3474 paulo
718 3411 779 3458 ante
797 3403 910 3457 mediam
927 3409 1030 3456 noctem
1047 3411 1108 3473 post
1125 3403 1264 3457 sabbatum

93 3487 227 3558 jejunium
246 3488 404 3557 dissolvunt,
433 3487 466 3550 ὡς
485 3485 620 3559 ὀλιγώρους
635 3478 687 3540 ’καί
709 3487 828 3559 ἀκρατεῖς.
863 3487 913 3541 llos
931 3493 1017 3541 autem
1036 3488 1202 3542 commendat
1218 3493 1263 3558 qni

96 3591 184 3644 nsque
206 3574 238 3628 ad
261 3583 380 3646 quartam
398 3575 541 3629 custodiam
560 3576 702 3640 sustinent,
725 3591 773 3628 nec
791 3591 836 3628 eos
854 3573 945 3643 magni
961 3573 1094 3627 iaciendos
1113 3576 1150 3628 ait
1167 3575 1213 3645 qui
1230 3591 1263 3627 ex

96 3659 150 3712 illis
173 3659 280 3730 majoris
303 3660 480 3714 hebdomadae
502 3677 550 3714 sex
573 3660 677 3725 diebus,
700 3661 829 3730 prioribus
852 3667 963 3730 quatuor
985 3661 1041 3713 eine
1061 3660 1161 3730 jeJunio
1179 3667 1263 3714 trans·

96 3745 178 3808 actis,
196 3761 357 3815 parasceuen
375 3753 401 3799 et
417 3747 556 3799 sabbatum
573 3747 629 3798 sine
647 3743 702 3802 ullo
721 3745 780 3797 cibo
798 3745 948 3810 traducunt,
967 3746 1036 3816 quod
1054 3745 1201 3815 inspectivas
1217 3763 1264 3798 no·

96 3829 192 3882 minat.
229 3829 288 3884 lluit
310 3833 378 3885 enim
396 3829 445 3885 hot
463 3831 593 3885 veteribus
611 3829 765 3884 Christianis
788 3830 927 3894 familiare,
953 3831 1059 3884 biduum
1081 3831 1146 3884 illud
1163 3833 1263 3900 absque

98 3916 160 3969 cibo
180 3932 358 3986 perseverare,
376 3923 402 3970 et
419 3917 445 3970 in
464 3917 574 3970 ecclesia
591 3917 710 3986 precibus
729 3931 760 3968 ae
777 3915 875 3984 vigiliis
886 3917 1015 3970 insistere.
1049 3915 1130 3969 Sexta
1142 3914 1262 3984 Synodus

96 4001 124 4054 ln
142 3999 233 4054 'lbullo
253 4003 314 4054 Gan.
327 4016 393 4056 xor:
416 3997 459 4061 τάς
481 4005 524 4053 τοῦ
542 4000 663 4070 σωτηρίου
686 3998 778 4061 πάθους
800 3997 891 4071 ἡμέρας
914 3999 938 4052 έν
960 3999 1059 4070 νηστείαΙ
1075 4000 1114 4052 καί
1132 4004 1262 4071 apertum,

97 4085 139 4136 καί
153 4085 280 4146 κατανόξει
292 4085 391 4154 καρδίας
404 4082 573 4146 ἐπιτελοῦντας
583 4084 689 4156 χρὴτοίις
702 4085 802 4147 πιστοὺς
816 4085 869 4156 περί
882 4085 956 4156 μέσας
969 4091 1010 4151 τῆς
1023 4085 1076 4154 περί
1089 4085 1116 4136 rb
1130 4085 1194 4156 μέγα
1203 4083 1263 4154 σάβ-

96 4169 174 4240 βατον
193 4169 278 4230 νυκτὶις
297 4169 362 4240 ὥρας
380 4168 589 4236 άπονηοτίζεαθαι,
622 4170 660 4222 hd
678 4187 744 4240 quas
764 4170 884 4224 Balsama
903 4170 1015 4235 dubitat,
1033 4187 1065 4223 an
1084 4171 1148 4224 illud
1165 4172 1262 4242 praeci·

95 4256 199 4328 piatur,
217 4255 344 4320 triduum,
363 4254 432 4326 qnod
450 4260 491 4308 est
508 4255 569 4326 μετὰ
586 4253 628 4321 τὴν
646 4253 762 4326 τετράδα,
780 4255 902 4327 quodque
918 4255 1035 4325 passioni
1046 4257 1183 4327 praecipue
1195 4256 1262 4310 diea-

95 4347 154 4394 tum
177 4345 231 4405 est,
255 4339 369 4411 adusque
392 4341 505 4413 mediam
527 4345 630 4394 noctem
655 4346 715 4394 ante
737 4341 894 4394 dominicam
915 4341 1064 4410 paschalem
1082 4341 1186 4412 jejunos
1203 4359 1262 4412 per-

95 4427 204 4492 sistere,
226 4441 260 4480 an
283 4425 315 4478 de
335 4442 388 4480 uno
412 4425 541 4479 duntaxat
563 4425 673 4479 sabbato
696 4433 829 4491 caveatur,
853 4427 880 4479 ln
904 4441 955 4495 quo
977 4425 1084 4496 rigidior
1102 4443 1133 4481 ac
1149 4429 1263 4482 severior

96 4529 155 4566 esse
170 4511 266 4583 jejunii
283 4511 420 4586 disciplina
437 4510 536 4566 debeat

147 4593 196 4648 Ἐν
215 4613 261 4648 τισι
279 4595 306 4649 δὲ
324 4597 407 4657 τόποις
424 4595 525 4667 λατρεία
543 4599 584 4664 τῆς
603 4593 762 4668 οἰκονομίας]
781 4597 897 4668 Λατρείαν
915 4599 957 4663 τῆς
976 4595 1127 4668 οἰκονομίας,
1151 4601 1261 4652 disisam

175 4701 240 4751 Coro.
253 4701 380 4743 Haereseot
390 4702 427 4742 lli.
1034 4683 1061 4737 X
