3166 5044
180 473 229 528 aet
240 475 282 542 τῆς
294 471 387 539 πλάνης
398 467 429 526 τὰ
441 469 605 542 βοοαήματπ]
622 469 743 526 sertam
753 467 784 522 τὰ
795 467 919 539 σχήματα

487 625 532 680 AD
555 622 710 680 lUDAISMI
725 621 908 676 HAERESES.

183 731 338 802 Ἰουδαϊαμὸς
354 728 442 783 λοιπον
455 723 592 800 μαρανθείς]
618 727 657 782 De
673 726 785 780 Iudaicis
804 726 961 780 factionibus
981 726 1101 798 deinceps
1123 726 1190 797 agit,
1211 742 1277 796 quaa

115 825 176 874 ante
198 817 293 872 Christi
313 817 453 871 adventum
473 820 593 885 septenas
610 818 735 868 recenset
765 812 839 876 Quod
855 811 986 872 πλατοκῶς
1008 817 1034 866 et
1048 813 1141 883 pingui
1159 813 1278 868 Minerua

114 907 213 960 udum
225 909 273 958 est
302 903 368 956 Nam
380 907 432 955 tres
444 906 546 954 constat
556 899 625 970 apud
636 898 744 953 ludaeos
758 898 839 954 luisse
850 903 949 962 sectam
968 903 1099 964 casuras,
1114 915 1181 970 quae
1192 916 1209 952 a
1219 898 1276 952 Phi·

81 1032 90 1048 .
114 992 218 1055 lastrio,
229 990 328 1044 isidoro
340 994 367 1042 et
377 987 426 1042 hoc
436 993 526 1040 nosue
538 990 721 1050 numerantur,
737 985 832 1056 partim
848 984 1003 1038 ludaeorum
1016 1001 1070 1038 nou
1082 1001 1139 1038 esee
1150 985 1277 1055 proprias,

114 1078 253 1149 partimus
264 1075 384 1129 haereses
397 1073 502 1143 quidem
510 1071 604 1137 rideri,
621 1071 715 1142 partim
732 1071 842 1140 denique
860 1070 973 1124 utribus
989 1071 1041 1124 illis
1058 1071 1208 1126 matricibus
1223 1089 1278 1126 nou

114 1181 172 1217 esse
194 1162 345 1226 distinctas,
365 1175 431 1229 qnae
457 1163 518 1212 suut
541 1156 749 1220 Pharisaeorum,
778 1155 1002 1221 Sadducaeorum,
1027 1155 1192 1214 Esseuorum„
1239 1159 1278 1212 De

115 1251 210 1320 quihus
226 1247 349 1317 quoniam
369 1260 474 1298 samma
491 1257 551 1298 cum
571 1243 713 1296 eruditione
733 1259 763 1296 ao
783 1242 919 1312 diligentia
935 1242 1065 1296 Serrarios
1085 1249 1175 1298 uester
1195 1246 1277 1300 tribus

116 1335 190 1388 libris
203 1332 338 1396 disseruit,
349 1337 376 1384 et
387 1347 453 1400 quae
465 1329 497 1383 de
508 1330 541 1386 iia
553 1329 686 1384 observari
696 1345 713 1382 a
723 1344 765 1382 me
776 1333 884 1398 possent
895 1329 1031 1399 occuparit
1042 1329 1143 1394 emnia,
1156 1330 1277 1400 cupidum

116 1437 206 1474 earnm
217 1435 306 1472 rerum
316 1417 439 1470 lectorem
450 1415 484 1468 ad
495 1415 563 1468 illius
575 1414 780 1470 lucubrationem
790 1413 971 1468 dimittendum
981 1415 1068 1485 potius
1077 1415 1186 1468 arbitror
1197 1433 1278 1486 quarn

115 1507 200 1560 etiosa
210 1504 365 1575 repetitione
382 1501 557 1558 detinendum.
584 1500 707 1556 Conderet
717 1500 798 1554 etiam
808 1500 832 1552 si
843 1499 914 1554 lubet
924 1515 985 1554 oum
996 1499 1105 1554 Serrarii
1116 1499 1276 1556 Trihaeresie

114 1609 144 1644 ao
155 1590 305 1656 Mmemali,
324 1605 390 1659 quae
400 1588 511 1644 Drusius
524 1593 550 1640 et
561 1587 606 1640 alii
618 1586 722 1656 quidam
734 1585 766 1638 de
777 1584 868 1642 eodem
876 1591 1030 1656 argumento
1039 1587 1205 1658 scripserunt
1222 1587 1276 1640 Noe

116 1677 185 1730 enim
197 1676 240 1729 hio
251 1691 283 1728 ea
294 1680 395 1730 tentum
413 1673 596 1728 adnotabimus
612 1688 679 1742 qnae
691 1671 724 1726 ad
741 1670 925 1724 illustrandum
940 1670 1115 1742 Epiphaniam
1129 1673 1278 1728 necessaria

115 1761 281 1818 ridebuntur.

424 1895 468 1950 Dll
486 1893 696 1950 SADDUOAEIS
714 1893 879 1950 HAERESIS
896 1893 967 1948 XIV.

182 2020 282 2089 Πρῶτοι
293 2018 457 2070 Σαδδουκαῖοι
468 2015 622 2088 ἀπόσπασμα
633 2011 719 2084 ἔντεα]
737 2015 869 2080 Quantum
884 2029 918 2070 ex
929 2015 983 2081 his,
999 2031 1067 2086 quae
1078 2015 1237 2088 Epiphanius
1248 2019 1277 2074 in
1351 2023 1354 2038 '

115 2105 155 2159 his
167 2107 245 2160 secus
257 2104 381 2176 prodidit,
393 2105 482 2174 colligi
495 2109 594 2176 petest,
610 2104 660 2157 dno
677 2103 748 2158 tuere
764 2101 891 2158 Dosithei.
924 2103 1009 2168 Alter,
1024 2103 1145 2173 idemque
1160 2110 1277 2175 tempore

116 2192 253 2262 posterior,
275 2191 467 2255 Samaritanus,
485 2191 558 2245 onius
575 2189 694 2244 meminit
711 2189 851 2260 Origenes,
867 2189 932 2244 alter
943 2189 1021 2260 longe
1036 2189 1179 2260 antiquior;
1196 2207 1275 2263 aquo

117 2283 274 2350 propagatos
286 2294 345 2330 esse
356 2277 504 2330 Sadacaeos
516 2293 569 2330 non
580 2275 740 2348 Epiphanius
751 2277 850 2340 solum,
866 2275 913 2328 sed
924 2276 1003 2329 etiam
1014 2275 1186 2346 Hieronymus
1197 2282 1276 2333 testa·

118 2370 171 2429 tur,
182 2364 297 2433 Dialogo
310 2367 400 2416 oontm
410 2361 521 2417 Lucifer.
533 2361 634 2426 ,Taoem
646 2362 744 2432 iuquit,
756 2363 787 2415 de
799 2363 926 2414 Iudaismi
937 2361 1087 2426 laesum,
1105 2367 1149 2431 qui
1159 2371 1218 2416 ante
1230 2367 1276 2418 ad·

117 2460 213 2503 eentum
237 2449 336 2502 Christi
357 2450 434 2517 tepent
458 2451 582 2502 traditam
605 2451 776 2518 discreparant:
796 2449 862 2516 quod
881 2447 1030 2511 Dositheue,
1056 2447 1277 2502 Samaritanorum

114 2540 249 2605 princeps,
265 2534 405 2604 prophatae
415 2537 573 2604 repudiauit,
589 2536 655 2603 quod
669 2533 819 2588 Sadducaei
830 2551 860 2587 ea
871 2535 940 2586 illiue
950 2535 1042 2586 radice
1059 2545 1190 2588 nmoerrter
1201 2539 1278 2588 etiam

116 2625 325 2674 resurrectionem
337 2624 425 2672 careia
437 2631 597 2689 aoqaoeront.
623 2619 664 2674 Ex
675 2619 792 2674 Dosithei
804 2634 866 2690 ergo
877 2618 964 2678 radice
974 2619 1030 2674 nati
1046 2625 1109 2672 suut
1118 2619 1276 2684 Sadducaei;
1365 2643 1371 2650 ·

118 2707 185 2776 qaod
197 2711 239 2758 est
249 2705 317 2758 idern
329 2711 407 2775 atque
419 2703 572 2778 ἀπόσπασμα
582 2707 664 2760 luisse
675 2708 725 2758 τῶν
737 2705 866 2758 Aeaciden.
895 2703 930 2758 Ut
944 2705 1032 2760 mirari
1047 2704 1164 2775 Scaliger
1175 2705 1278 2760 desinat

117 2794 148 2846 ab
159 2790 306 2862 llpiphanio
318 2791 345 2844 id
356 2807 414 2844 esse
426 2793 558 2863 scriptum.
593 2793 681 2863 ltaque
697 2790 836 2846 Dosithens
852 2789 982 2844 aludaeis
998 2789 1031 2844 ad
1042 2789 1220 2844 Samaritanae
1233 2791 1275 2846 de·

116 2878 206 2932 boiens
218 2877 375 2947 peculiarem
385 2878 438 2931 illic
450 2884 548 2932 sectam
558 2878 679 2932 cenffidb.
706 2876 792 2941 Quam
802 2880 893 2947 postea
904 2875 1023 2930 Sadckus
1033 2877 1206 2948 interpolavit,
1217 2893 1276 2934 cum
1363 2917 1367 2926 .

118 2972 142 3018 et
151 2966 209 3035 ipse
222 2963 256 3016 ad
266 2962 443 3018 Samaritanus
455 2981 472 3018 a
482 2965 583 3018 ludaeis
594 2964 746 3018 transiisset

182 3047 381 3120 Ἐπονομάζουσι
393 3049 419 3102 ii
432 3043 499 3103 edroi
511 3048 630 3118 laurada]
660 3049 788 3104 saducaei
803 3050 915 3120 passim,
932 3050 1002 3121 apud
1019 3049 1132 3105 &aecus
1152 3054 1275 3120 maxima,

116 3137 251 3207 gemmato
262 3135 275 3186 δ
287 3136 446 3203 scribuntur,
458 3137 534 3207 quasi
542 3141 610 3190 esset
621 3139 717 3228 ΡΜ.
734 3135 811 3206 Apud
819 3153 880 3190 ιιι.
890 3136 1138 3206 antiquissimusille
1147 3141 1275 3206 sacerdos,

117 3221 223 3276 Σαδούπ.
253 3220 292 3274 De
304 3237 355 3291 que
367 3223 470 3293 copiose
482 3222 612 3275 Serrarius
624 3237 655 3274 ao
666 3221 783 3275 Drusins.
817 3221 912 3276 Sadoci
928 3237 1004 3292 perro
1016 3224 1125 3278 extitere
1136 3224 1201 3278 duo:
1213 3243 1277 3295 quo·

117 3325 173 3362 rum
184 3322 256 3361 unns
268 3305 396 3360 duntaxat
412 3309 446 3362 eb
458 3307 602 3378 Epiphanio
620 3312 793 3372 memoratus,
810 3308 855 3378 qui
865 3307 972 3361 Doridis
989 3313 1016 3360 et
1030 3308 1178 3364 Salomonis
1192 3317 1277 3365 aetate

116 3395 196 3459 sirit,
209 3393 275 3446 alter
285 3392 394 3463 Autigni
406 3393 561 3464 discipulus,
575 3394 648 3447 ouius
660 3393 746 3446 socios
758 3399 784 3446 et
795 3392 986 3465 condiscipulus
997 3393 1048 3448 tuit
1057 3393 1178 3462 Baitheo,
1190 3402 1220 3451 ut
1230 3415 1276 3452 au-

117 3487 156 3534 ter
172 3485 214 3532 est
228 3478 300 3532 Elias
318 3479 346 3532 in
361 3478 459 3533 Thisbi.
494 3481 534 3533 Ab
549 3478 598 3537 hoc
615 3481 757 3551 posteriore
769 3479 895 3534 Saducaei
912 3496 975 3534 cum
985 3481 1085 3550 origine
1096 3498 1193 3538 nomen
1203 3500 1276 3538 aece-
1302 3491 1362 3545 nas.

117 3569 217 3637 perant
253 3563 357 3617 Etenim
369 3566 446 3618 ambe
457 3565 496 3618 illi
507 3583 522 3618 a
533 3571 699 3637 praeceptore
715 3565 886 3619 desciscentes
903 3565 989 3636 legem
1005 3571 1138 3620 oretenus
1155 3571 1276 3624 traditam

117 3653 293 3722 abnegarunt,
304 3665 389 3720 neque
401 3651 487 3716 alteri,
498 3667 577 3722 quem
589 3651 658 3722 quod
669 3652 735 3722 legis
746 3652 842 3722 scripto
851 3656 919 3704 esset
927 3667 1093 3722 expressum,
1105 3653 1276 3710 adhibendam

116 3739 193 3792 tidem
204 3741 343 3807 putarunt3
355 3753 390 3790 ex
400 3754 452 3808 quo
464 3741 572 3825 ntttffp
581 3735 707 3802 Karrainn
718 3737 794 3808 quasi
806 3737 938 3790 Teomates
947 3737 1016 3792 dicti
1025 3737 1095 3792 Haec
1104 3739 1182 3794 Elias.
1199 3741 1277 3795 Addit

117 3822 250 3878 Abraham
265 3821 383 3876 Zabhuth
394 3822 480 3876 Sadoc
495 3822 654 3877 etBaiethos
671 3823 703 3877 ed
719 3823 896 3877 Samaritanae
914 3828 939 3876 et
957 3821 1133 3878 (immunem
1149 3827 1275 3896 templum

117 3913 251 3980 receptum
260 3907 391 3962 hahuisse.
425 3908 477 3962 Sed
487 3908 544 3962 fieri
555 3914 653 3979 potest,
668 3915 699 3964 ut
714 3909 847 3964 Saduoaai‘
856 3909 907 3979 ipat
922 3924 940 3961 a
948 3909 1033 3980 priore
1047 3909 1093 3963 illo
1108 3927 1139 3963 ae
1156 3912 1276 3965 vetustis-

117 3997 183 4050 simo
195 3993 319 4065 pontifice
336 3993 460 4048 oriundos
477 4011 534 4048 sese
549 3995 664 4065 profiteri
679 3995 787 4048 mallent
803 4009 882 4064 qnam
893 4009 910 4047 a
920 3996 1063 4066 posteriore
1073 3995 1222 4068 hanstuga,
1233 3999 1276 4052 rel

117 4083 195 4134 etiam
204 4084 234 4132 nt
245 4078 396 4134 adimtitiae
404 4081 558 4134 vocabulum
570 4086 597 4134 st
607 4081 719 4136 nominis
727 4082 966 4152 interpretationem
974 4082 1124 4148 alluderent,
1135 4081 1212 4153 idque
1221 4099 1276 4137 ore·

116 4167 168 4220 bris
180 4171 338 4236 usurparent
348 4168 523 4232 sermonibus,
535 4167 604 4237 quod
615 4183 696 4220 uunrn
707 4167 778 4231 ideo,
789 4167 972 4238 praetermissa
983 4169 1065 4222 altera
1075 4183 1106 4224 ac
1117 4169 1216 4224 redere
1227 4169 1275 4224 Sa-

118 4252 276 4306 ducaeoram
287 4251 399 4321 origine,
411 4253 624 4309 commemoravit
633 4252 801 4326 Epiphanius.

183 4337 286 4408 Πνεῦμα
297 4337 324 4390 δὲ
336 4337 404 4408 ἅγιον
416 4339 461 4392 οὐκ
470 4339 558 4408 least]
576 4342 687 4394 Actuum
699 4357 754 4412 cap.
766 4357 841 4406 xxarr,
853 4341 878 4394 8.
894 4340 1043 4394 Sadducaei
1054 4343 1118 4394 araim
1130 4343 1218 4394 dicunt
1227 4361 1276 4396 non

119 4443 169 4478 me
180 4429 403 4487 resurrectionem,
420 4443 495 4496 aeque
512 4427 639 4493 carpetam,
657 4443 734 4494 oeque
748 4431 878 4496 apiriam
895 4425 951 4478 oues
968 4422 1087 4496 ἄγγελον,
1105 4423 1161 4480 οὔτε
1173 4431 1274 4498 πνεῦμα.

118 4510 245 4580 Spiritum
262 4515 383 4564 sanetum
398 4509 448 4565 hoc
463 4511 520 4565 loco
536 4527 589 4564 nou
606 4525 673 4563 nnus
689 4509 850 4582 Epiphanius
864 4512 1005 4578 intellmit,
1020 4513 1066 4567 sed
1078 4517 1104 4569 et
1114 4511 1275 4568 Philastrius.

120 4593 203 4660 Quare
212 4601 314 4651 umere
323 4595 535 4667 etimprudenter
545 4595 573 4654 iu
583 4594 696 4652 Edencho
708 4595 838 4668 hrodger:
856 4598 986 4660 damae,
1000 4596 1096 4669 inquit,
1112 4619 1183 4654 aaa
1200 4609 1237 4653 ear
1251 4608 1276 4652 er
