3138 5044
1132 337 1251 396 CXLVII

86 493 151 547 iores
162 491 241 558 duas,
253 491 308 547 alre
320 507 406 548 aanor
418 491 474 558 163,
487 491 630 557 mamhra,
643 497 721 564 atque
731 491 810 548 horas
823 494 849 548 in
862 493 1019 566 unaquaque
1030 495 1251 549 tessaradecadis-

85 577 136 632 ride
148 577 225 644 duas,
236 577 286 632 hac
298 579 322 632 ai
333 595 425 633 aarum
434 583 486 644 eat,
498 579 741 634 mamedecabtcrie
753 579 855 633 luliaua
866 581 920 633 dies
932 579 1039 634 habebit
1050 579 1125 644 5113,
1142 578 1196 633 hor.
1211 582 1251 635 10.

87 665 214 734 Aquibne
224 665 343 736 quinque
352 664 444 720 diebus
456 665 564 732 ablatis,
581 665 667 736 quiin
682 665 782 735 cyclum
795 671 956 737 postremum
973 671 1145 732 reservantur,
1162 683 1251 737 super·

86 749 231 815 runt-5108,
246 749 285 806 10.
316 751 355 804 De
370 751 465 820 qulbus
477 749 592 804 numa
603 751 748 821 quantitate
760 751 884 804 tredecim
896 767 1024 804 annorum
1036 751 1196 805 lulianorum
1209 752 1252 804 da-

86 835 166 889 eimuu
182 841 290 906 quartus
302 835 359 890 dias
375 835 583 908 aalmatdbffllg.
617 835 652 889 Ut
667 837 736 908 apud
752 837 927 908 Epiphaniam
942 828 996 908 legi
1012 843 1143 908 oporteat:
1164 835 1252 888 hecuba

86 919 191 996 piparas
202 917 238 982 τῖ’
250 919 352 994 ἡμέραι,
369 921 409 974 acl
426 925 489 992 τριῖς
504 913 568 993 ὧραι
580 921 647 993 παρὰ
659 921 726 994 ὥραν
739 921 804 993 μίαν.
839 923 901 976 Dies
919 927 1007 978 autem
1024 923 1051 976 in
1069 923 1142 992 cyclo
1160 921 1253 976 meost

86 1005 198 1060 confiant
208 1005 307 1073 30680,
321 1006 363 1072 13,
377 1007 422 1078 qui
433 1024 449 1060 a
460 1007 545 1061 lunari
557 1013 630 1060 motu
643 1007 739 1062 absunt
750 1008 841 1062 dicbus
853 1007 907 1062 iere
920 1008 1033 1073 duobus,
1045 1007 1095 1061 hcc
1108 1013 1148 1062 ast
1162 1009 1183 1074 l,
1196 1007 1251 1064 hor.

88 1091 125 1146 18.
148 1091 276 1156 Quocirca
290 1092 400 1146 ludaeos
417 1091 578 1164 Epiphanius
595 1093 685 1146 scribit
701 1093 801 1146 madias
817 1095 968 1148 neomenias
986 1093 1158 1164 anticipantes
1173 1093 1253 1148 biduo

86 1177 203 1232 ultimam
214 1179 378 1232 ffloenarianr
390 1179 548 1252 imputasse,
560 1195 620 1232 cum
629 1179 684 1232 dies
694 1179 822 1232 duntaxat
832 1179 918 1233 iurent
930 1179 970 1245 28,
982 1178 1037 1234 hor.
1050 1177 1073 1234 6.
1092 1180 1177 1250 Atque
1188 1179 1253 1233 haec

86 1264 212 1334 posterior
229 1265 294 1333 cycli
312 1261 482 1318 conformatio
500 1265 575 1319 aliter
590 1263 729 1318 intellectis
745 1263 885 1338 Epiphanii
896 1265 982 1318 serbis
994 1266 1133 1336 approbari
1144 1265 1252 1320 ridetur.

86 1347 214 1404 Nimirum
226 1365 286 1404 cum
298 1349 388 1404 scribit
398 1350 475 1404 tertio
488 1365 593 1421 qnoque
605 1365 674 1404 anne
691 1351 759 1404 diem
777 1367 922 1404 accrescere
938 1367 973 1404 ex
988 1349 1059 1404 horis
1071 1350 1099 1418 8,
1118 1368 1185 1422 quae
1201 1353 1254 1405 sin·

87 1435 154 1504 gulis
165 1436 242 1492 anuis
251 1435 388 1492 accedunt.
406 1434 473 1490 Naar
483 1433 547 1490 haec
559 1436 596 1490 ita
608 1441 718 1507 possunt
728 1437 812 1507 accipi
823 1442 853 1490 ut
863 1451 934 1490 anno
945 1453 1002 1492 arn.
1014 1435 1069 1490 hor.
1082 1437 1121 1501 la,
1134 1429 1254 1492 totidem·

86 1536 136 1590 que
147 1537 217 1575 anuo
229 1539 284 1577 ιιι,
297 1521 411 1588 additus,
423 1522 528 1576 biennio
541 1521 611 1576 diam
623 1522 760 1592 colligaut3
772 1522 842 1593 quod
852 1522 880 1574 in
891 1519 960 1574 huno
972 1539 1100 1576 annorum
1114 1524 1203 1576 orbem
1215 1523 1254 1576 lu·

85 1621 161 1660 nuce
173 1607 326 1662 neomeniae
339 1612 474 1678 cogantur.
509 1607 549 1660 lta
564 1607 653 1677 cyclus
669 1607 771 1678 integer
785 1607 841 1661 dies
853 1607 969 1678 praecise
982 1607 1096 1678 quinque
1109 1607 1254 1679 superfluos

87 1691 136 1744 sibi
147 1691 279 1760 candicat,
291 1709 345 1747 uon
356 1693 424 1746 utin
436 1694 520 1765 priore
532 1693 655 1746 methodo
667 1693 697 1762 4,
710 1691 765 1746 hor.
777 1693 816 1748 16.
844 1691 956 1762 Reliqua
968 1709 982 1746 a
994 1693 1170 1764 superioribus
1181 1693 1254 1746 iacil-

85 1776 149 1830 lima
162 1784 233 1834 sunt
556 1783 563 1796 '

152 1861 256 1935 Negare
272 1863 387 1936 proiecto
405 1881 482 1918 nemo
499 1869 587 1936 potest
604 1863 666 1936 quin
684 1865 784 1918 uberis
801 1863 847 1918 iila
861 1864 928 1918 ratio
944 1880 1004 1918 curu
1018 1862 1156 1936 Epiphauii
1168 1863 1254 1918 verbis

86 1955 222 2020 congruat
241 1949 378 2004 Caeterum
389 1949 500 2004 ludaeos
509 1950 550 2003 rel
562 1949 611 2003 hac
623 1950 664 2003 rel
676 1951 757 2004 simili
768 1967 896 2004 annorum
908 1949 1078 2020 dispositione
1090 1950 1138 2002 sub
1152 1947 1255 2016 Christi,

86 2033 203 2105 adeoque
214 2037 264 2090 sub
276 2033 383 2090 Nicaeui
394 2035 504 2090 concilii
515 2041 633 2106 tempora
644 2051 706 2089 uaos
719 2053 788 2102 esse,
804 2051 871 2106 queo
887 2035 976 2089 asciis
988 2035 1103 2088 motibus
1115 2035 1255 2102 aberraret,

85 2119 171 2174 inulta
181 2127 243 2176 suut
255 2136 321 2191 quae
332 2121 498 2192 persuadent.
523 2119 575 2174 Sed
586 2121 650 2176 illud
662 2121 803 2191 imprimis,
821 2121 890 2192 quod
906 2127 998 2192 postea
1010 2121 1255 2187 demonstrabimus,

85 2203 185 2276 pasche
196 2207 223 2260 ln
234 2213 367 2277 postremo
379 2223 481 2272 mense,
494 2205 520 2260 id
532 2207 642 2260 estante
654 2207 849 2278 aequinoctium
861 2205 988 2262 aludaeis
997 2207 1102 2278 saepius
1111 2214 1255 2279 peractum.

86 2289 201 2345 Necesse
213 2297 253 2344 est
262 2292 352 2362 itque
363 2293 450 2346 lahem
462 2292 576 2362 aliquam
589 2291 621 2345 ad
633 2291 746 2346 solarem
763 2293 867 2346 illorum
884 2309 983 2346 annum
998 2291 1135 2358 accidisse,
1151 2299 1257 2366 propter

87 2393 166 2447 quarn
184 2393 201 2430 a
217 2378 303 2447 priore
321 2376 420 2449 epocha
436 2377 543 2432 iuratus
561 2377 588 2431 in
606 2377 736 2433 anteriora
753 2379 901 2443 recesserit,
920 2377 1065 2432 cuiusmodi
1082 2380 1175 2433 sitium
1193 2380 1256 2434 alias

86 2461 180 2528 tridui,
193 2463 265 2517 bidui
277 2463 342 2516 aliua
355 2463 454 2528 extitit,
466 2461 494 2516 in
506 2465 592 2517 aurete
604 2465 719 2518 numeris
729 2483 776 2519 arx
789 2471 815 2518 et
826 2483 874 2518 rnr
883 2464 1078 2530 Alexandrinis,
1092 2481 1156 2534 quos
1169 2463 1258 2518 ludaei

87 2547 221 2619 simplices
232 2547 388 2604 habuerunt.
411 2547 441 2602 In
453 2547 494 2603 his
506 2551 576 2604 enim
588 2549 782 2620 decimaquarta
798 2551 896 2604 lunaris
914 2556 940 2602 et
957 2549 1060 2620 quidem
1073 2547 1203 2620 paschalis
1215 2549 1257 2602 lu·

87 2632 163 2689 dn'aa
179 2635 208 2688 lu
222 2652 297 2688 xum.
309 2649 340 2687 ac
353 2651 407 2688 nra.
419 2633 507 2688 Martii
524 2635 658 2700 convenit,
674 2635 766 2700 biduo,
783 2636 822 2688 uti
837 2634 906 2698 dixi,
922 2635 1060 2704 triduoque
1075 2639 1135 2686 ante
1148 2650 1257 2691 vernum

85 2719 292 2790 aequinoctium.
327 2717 398 2784 Qerae
411 2719 516 2791 quidem
528 2719 600 2774 labes
612 2721 639 2773 in
650 2719 700 2775 hoc
711 2719 850 2792 Epiphanii
861 2719 933 2788 cyclo
945 2714 1071 2790 paulatim
1083 2720 1181 2774 existit.
1216 2719 1258 2773 Si-

86 2803 195 2875 quidem
206 2805 234 2858 in
245 2806 326 2876 priori
336 2804 473 2871 methodo,
490 2807 513 2859 si
529 2807 666 2860 neomenia
681 2806 758 2876 primi
774 2797 871 2858 mensis
883 2803 1258 2873 ogdoacontscessrratteridcs

84 2891 112 2943 in
126 2891 323 2961 aequinoctium
339 2887 448 2957 incidat,
465 2897 559 2962 utputa
575 2889 616 2946 23,
629 2891 716 2943 Martii
731 2896 792 2960 post
808 2888 841 2943 84
853 2905 935 2942 annos
954 2889 986 2942 ad
999 2888 1039 2944 30.
1057 2891 1203 2960 perveniet,
1220 2897 1257 2944 at·

85 2991 140 3046 qus
151 2977 190 3029 ita
201 2975 323 3048 deinceps
335 2975 399 3029 κατὰ
411 2975 542 3047 μετάβασιν
558 2973 589 3036 εἰς
606 2972 636 3026 ιὰ
653 2974 840 3045 προηγούμενα,
858 2975 909 3028 nisi
927 2975 1098 3045 castigatione
1116 2983 1142 3029 et
1158 2975 1259 3031 dierum

83 3061 234 3116 adiectione
250 3068 410 3128 coerceatur3
427 3062 494 3132 quod
512 3061 651 3114 identidem
668 3059 761 3112 iecisse
777 3065 925 3130 temporum
940 3061 1008 3132 apud
1020 3055 1130 3116 ludaeos
1141 3063 1258 3116 modera-

83 3155 159 3202 tores
170 3148 312 3201 redsimile
325 3155 376 3212 est,
394 3163 425 3200 ec
440 3147 592 3200 neomenias
609 3145 748 3216 aliquando
762 3145 861 3199 tardius
872 3145 1008 3202 indixisse.
1032 3148 1066 3200 At
1077 3147 1103 3200 ln
1116 3150 1258 3218 posteriore

84 3231 212 3288 methodo
224 3239 285 3304 post
296 3228 329 3286 34
338 3249 422 3286 annos
434 3232 587 3286 neomeniae
598 3229 717 3284 iudaicae
730 3229 763 3283 ad
775 3231 880 3284 eosdem
890 3231 1002 3286 Iulianos
1013 3231 1067 3286 dias
1078 3232 1199 3300 redeunt,
1212 3235 1258 3288 sed

84 3319 217 3372 coelestes
233 3319 384 3374 neomenias
402 3335 454 3372 ano
473 3317 525 3382 die,
541 3315 638 3370 herisi
652 3317 803 3386 anticipant
827 3316 912 3379 Quare
923 3319 1009 3388 prims
1020 3319 1065 3371 illa
1076 3320 1141 3372 ratio
1154 3321 1185 3374 ad
1198 3319 1257 3390 Epi·

84 3403 181 3476 phauii
192 3410 306 3458 mentem
318 3405 465 3475 plusculum
477 3403 579 3456 ridetur
590 3402 724 3468 accedere,
740 3417 801 3458 cuns
817 3402 850 3454 ab
869 3403 1033 3471 aequinoctio
1050 3405 1201 3475 praesertim
1218 3421 1258 3458 re·

84 3491 200 3544 casim
211 3489 331 3543 Iudaicas
342 3490 494 3544 neomenias
506 3487 652 3542 existimari
662 3489 733 3541 velit.
759 3485 811 3540 Sed
824 3493 852 3540 ιιι
864 3488 928 3556 ipsis
939 3490 1125 3560 propemodum
1137 3491 1257 3544 sensibus

84 3590 128 3630 res
146 3581 207 3629 tota
223 3575 386 3640 subiiciatur,
404 3575 471 3645 cycli
488 3574 585 3627 ludaici
602 3573 722 3640 maioris,
740 3573 794 3625 sire
811 3573 1104 3627 tessaradecattertdnm
1121 3593 1148 3628 ιι
1165 3581 1257 3646 typum

82 3659 127 3715 hic
142 3659 269 3714 adtexam
281 3677 313 3714 ea
324 3661 394 3714 cirili
405 3659 490 3713 torma
501 3675 532 3712 ec
544 3659 724 3730 dispositione,
740 3673 807 3728 quae
819 3675 852 3711 ex
864 3657 1002 3730 Epiphanii
1013 3659 1187 3730 disputatione
1199 3679 1258 3731 pro·

83 3743 211 3800 habiliter
223 3747 325 3799 institui
336 3751 434 3816 potest;
452 3758 485 3798 ex
498 3761 550 3815 qua
560 3743 730 3798 manifestum
742 3743 803 3807 erit,
821 3743 1039 3814 quemadmodum
1055 3746 1208 3800 neomeniae
1221 3745 1258 3799 bi·

82 3831 140 3886 duo
150 3831 187 3884 ab
196 3831 296 3902 epocha
304 3831 383 3886 solari
391 3831 517 3902 paulatim
526 3831 553 3883 in
563 3829 692 3883 anteriora
701 3828 842 3882 discedant
861 3829 984 3882 Sumatur
994 3830 1083 3900 igitur,
1096 3831 1162 3884 utin
1175 3831 1259 3902 prima

82 3915 214 3972 methodo
226 3918 322 3972 dictum
336 3923 388 3982 eet,
403 3915 470 3986 cycli
486 3917 591 3969 maioris
609 3915 741 3985 quantitas
758 3913 858 3968 dierum
869 3913 961 3968 30679.
996 3915 1076 3972 cuius
1092 3917 1195 3971 initium
1212 3916 1258 3970 du·

83 4011 167 4058 catur
177 4003 210 4056 ab
222 4019 292 4056 anno
303 4017 357 4074 per.
368 4001 415 4056 lul.
426 3999 503 4066 4663,
514 4002 586 4070 cyclo
598 4001 675 4053 lunas
687 3997 720 4065 3.,
732 3999 795 4053 solis
810 3999 859 4066 15,
874 3999 949 4065 litera
961 3999 993 4064 0,
1011 4017 1079 4056 anno
1092 4009 1151 4057 ante
1164 3999 1259 4057 Christi
1283 4029 1305 4071 p.
1316 4015 1360 4060 reu

81 4089 208 4144 natalem
219 4088 261 4143 51.
295 4088 336 4141 lta
350 4103 411 4140 cum
423 4085 518 4141 Christi
533 4087 622 4156 passio
639 4103 672 4139 ex
685 4083 824 4155 Epiphanii
840 4087 967 4140 sententia
981 4087 1057 4140 cadat
1067 4089 1095 4140 in
1106 4103 1204 4142 annum
1215 4090 1256 4143 lu·

82 4177 194 4230 lienum
205 4173 259 4239 76,
272 4187 348 4226 aerae
359 4171 520 4228 Christianae
531 4171 677 4224 communis
688 4169 744 4236 31.,
756 4173 804 4224 erit
815 4172 836 4224 is
849 4187 932 4224 annus
946 4171 1012 4240 cycli
1023 4172 1129 4224 maioris
1141 4173 1195 4238 82,
1205 4180 1256 4228 tes-

82 4259 323 4316 saradecaiteridis
334 4273 395 4314 aero
407 4265 496 4312 sextas
508 4273 592 4310 annus
607 4251 658 4322 tt,
670 4257 743 4326 cyclo
754 4255 867 4311 Nicaeno
883 4255 933 4322 13,
946 4257 1008 4310 sciis
1023 4255 1075 4321 12,
1087 4257 1125 4312 lit.
1138 4257 1168 4312 G.

158 4343 207 4398 rtis
230 4344 417 4398 animaduersis
439 4341 611 4397 constituatur
628 4343 767 4395 neomenia
782 4341 864 4396 Nisen
882 4340 954 4412 cyclo
972 4341 1086 4395 Nicaeno
1104 4339 1128 4395 3.
1143 4343 1171 4396 in
1187 4359 1256 4398 anne

81 4435 179 4506 primo
189 4429 391 4484 assaradecait.
402 4431 502 4500 primae
513 4427 608 4498 Aprilis
620 4445 655 4483 rr.
679 4427 782 4500 Etenim
794 4443 861 4481 anno
873 4427 972 4499 periodi
982 4426 1097 4480 Iulianae
1108 4427 1195 4496 4663,
1214 4445 1257 4499 cy·

81 4519 126 4573 clo
141 4516 188 4581 3.,
202 4515 367 4570 novilunium
378 4515 493 4568 medinm
505 4529 539 4567 ex
551 4511 654 4566 hdtilleri
665 4513 774 4567 tabulis
785 4511 875 4566 accidit
886 4514 947 4582 Apr.
958 4530 993 4568 vr.
1007 4512 1076 4566 circa
1086 4513 1199 4568 mediam
1210 4531 1257 4568 no·

81 4613 177 4672 mm,
195 4601 244 4656 hcc
260 4607 300 4656 est
315 4601 377 4673 Apr.
390 4601 414 4655 6.
425 4601 451 4656 0.
463 4595 514 4655 58'.
538 4597 662 4670 Reliquae
674 4599 826 4653 neomeniae
838 4598 983 4652 necessario
996 4605 1121 4654 contextu
1133 4617 1190 4655 sese
1201 4605 1256 4654 tcta

1014 4700 1056 4758 Κ.
