3126 5046
310 301 379 358 0Χῦ

310 461 415 512 eentum
426 455 502 510 anuis
514 453 682 527 Olympiadas
694 456 878 522 antecessisse,
890 469 1001 526 quarum
1011 454 1116 510 initium
1127 469 1212 510 mnus
1224 460 1265 510 eat
1274 454 1303 508 iu
1314 469 1369 525 per.
1378 451 1466 508 luliau.

309 541 384 598 3938.
403 541 548 596 Constituto
560 539 695 596 Medorum
707 541 816 611 imperio
829 541 880 596 duo
892 540 1019 612 quaedam
1031 541 1084 594 alia
1094 541 1220 611 paulatim
1231 537 1414 604 effloruerunt,
1424 539 1467 592 Δι-

309 628 439 696 syriorum
448 644 478 680 ac
487 626 702 696 Babyloniorum,
715 643 782 698 quse
788 627 887 696 Assyrii
895 625 965 680 illius
975 627 1085 680 maximi
1093 641 1123 680 ac
1133 626 1246 680 diuturni
1255 625 1325 678 velut
1333 624 1467 694 naufragio

309 712 430 766 disiectas
442 713 539 783 ubique
551 713 653 766 tabulas
665 713 836 784 arripuerunt.
868 711 983 775 Quorum
995 711 1063 782 apud
1075 717 1180 766 exteros
1191 712 1330 782 scriptores
1341 709 1468 782 pertenuis

309 803 350 850 ost
361 805 388 851 et
398 799 511 852 obscura
521 799 659 864 memoria,
671 799 698 852 iu
710 798 791 852 sacris
803 813 863 852 vero
876 797 956 850 literis
968 813 1027 852 cum
1039 798 1189 862 amborum,
1200 805 1256 850 tum
1267 795 1469 866 Babyloniorum

309 885 461 954 praesertim
474 885 604 938 luculenta
619 889 659 938 est
670 899 700 937 ac
712 883 835 954 frequens
853 885 957 936 mentio.
992 883 1044 937 Sed
1061 884 1158 954 priores
1175 887 1353 936 memorantur
1364 881 1469 950 assyrii,

310 985 419 1038 quorum
431 970 530 1040 primus
542 989 577 1024 ιν.
589 969 654 1040 Beg.
665 987 708 1034 ιν,
723 969 762 1025 19,
781 969 890 1022 occurrit
904 968 983 1034 Phul,
1001 969 1046 1039 qui
1058 977 1084 1022 et
1096 967 1223 1022 Belochus
1235 967 1336 1022 dicitur.
1371 966 1469 1020 Huuoa

309 1055 393 1108 bladis
404 1053 528 1110 deiecisse
539 1055 673 1126 probabile
686 1061 733 1110 est.
770 1055 903 1108 Successit
913 1053 1024 1124 Teglath
1035 1051 1173 1108 Phalasaar
1183 1053 1245 1109 ibid.
1258 1069 1325 1108 com.
1335 1051 1378 1106 29.
1411 1050 1469 1106 lude

310 1139 492 1195 Sulmauassar
508 1159 544 1196 ιν.
560 1141 625 1210 Bag.
641 1158 710 1206 ινιι,
727 1139 751 1195 3.
787 1141 854 1194 Tum
873 1139 1047 1194 Sennacherib
1064 1141 1120 1194 eius
1137 1135 1469 1208 filiusrv.Reg.xrrrr,13.

309 1225 459 1280 Postremus
470 1227 520 1280 init
530 1225 694 1280 hesaraddon
706 1241 762 1297 cap.
773 1243 833 1290 ιιι,
845 1225 886 1281 37.
904 1225 959 1278 Ιιιι
968 1242 1029 1278 vero
1041 1227 1140 1296 primus
1149 1225 1315 1296 Assyriorum
1326 1223 1469 1296 principum

308 1309 374 1364 Phul
385 1311 435 1364 sub
447 1309 577 1364 Manaheu
589 1311 692 1364 Israelis
710 1317 737 1364 st
748 1312 840 1364 Arana
852 1311 930 1366 ludas
948 1327 1009 1381 rege
1026 1312 1173 1366 collocatur.
1206 1311 1311 1364 Ararim
1328 1309 1391 1364 iniit
1405 1325 1468 1362 anuo

309 1395 363 1467 per.
372 1397 430 1462 lul.,
442 1403 472 1450 ut
483 1397 645 1462 arbitramur,
657 1396 731 1450 3905.
760 1395 844 1460 Quare
857 1397 1022 1466 Assyriorum
1034 1412 1158 1467 regnum,
1170 1396 1240 1466 quod
1250 1397 1299 1450 sub
1311 1396 1406 1450 Araris
1415 1395 1469 1448 lun·

224 1515 229 1528 ·
277 1512 282 1525 ·
308 1481 399 1536 datum
411 1489 462 1545 est,
473 1483 552 1553 louge
563 1483 691 1554 posterius
704 1488 745 1536 est
755 1481 892 1536 Medorum
903 1483 977 1537 initio
989 1482 1108 1536 videlicet
1118 1482 1193 1536 anuis
1203 1481 1257 1534 fere
1269 1497 1330 1536 ιιι.
1356 1479 1400 1534 Ad
1410 1478 1468 1533 haec

308 1565 432 1622 Bacchias
449 1569 534 1639 coepit
550 1585 582 1622 er
599 1567 783 1638 chronologiae
800 1573 904 1622 nostras
920 1567 1061 1622 ratiociniis
1077 1584 1130 1638 per.
1140 1567 1187 1620 lul.
1196 1567 1272 1621 3987.
1305 1565 1377 1637 Brsso
1389 1581 1468 1620 auum

309 1655 365 1708 eius
377 1671 439 1720 ιιν.,
451 1671 503 1725 quo
516 1653 692 1708 Sennacherib
704 1654 853 1708 interiectus
865 1653 973 1718 videtur,
985 1661 1026 1706 set
1035 1669 1088 1724 per.
1098 1652 1146 1708 lul.
1155 1651 1231 1706 4000.
1244 1651 1354 1706 circiter.
1549 1650 1550 1730 l

375 1739 409 1794 st
420 1739 625 1809 Babyloniorum
636 1755 760 1810 regnum,
772 1740 796 1793 ai
808 1755 823 1794 a
834 1739 1017 1794 Nabonassaro
1029 1745 1144 1809 repetes,
1155 1738 1255 1808 aliquot
1265 1738 1341 1790 aunis
1353 1742 1416 1808 post
1425 1737 1469 1790 As·
1549 1749 1550 1752 ’

309 1825 437 1894 syriorum
448 1826 552 1880 initium
564 1825 658 1880 extitit.
687 1825 778 1895 Coepit
788 1825 857 1878 euim
869 1823 1046 1878 Nabonassari
1057 1841 1118 1878 aera
1128 1822 1264 1893 Babylone
1274 1839 1328 1893 per.
1336 1822 1387 1877 lul.
1396 1821 1468 1876 3967.

307 1910 411 1966 Primus
422 1917 509 1964 autem
521 1927 536 1964 e
547 1909 700 1980 Babyloniis
715 1911 822 1980 regibus
837 1910 865 1963 in
882 1911 1015 1982 scripturis
1030 1909 1179 1964 nominatur
1190 1906 1329 1962 lierodmh
1339 1907 1412 1962 iilius
1422 1905 1469 1960 Ba·

307 1995 385 2050 ladau
396 2015 431 2052 ιν.
443 1995 508 2066 Bag.
518 2015 562 2061 xx,
577 1995 615 2048 li.
628 1997 696 2049 circa
705 2011 803 2049 annum
812 1995 937 2050 Ezechiae
948 1996 996 2061 14,
1008 1997 1077 2050 circa
1087 2012 1141 2067 per.
1151 1993 1292 2058 1n1.40⁰0.,
1303 1993 1397 2048 eodem
1408 1999 1468 2046 tsn-

222 2081 224 2086 '
309 2097 372 2151 pore
385 2097 436 2150 quo
449 2079 624 2135 Sennacherib
636 2089 662 2134 et
673 2081 838 2134 assaraddon
851 2082 878 2134 in
888 2081 996 2150 Assyria
1006 2080 1158 2152 regnabant.
1179 2079 1263 2143 Quare
1271 2077 1413 2134 Merodaeb
1423 2079 1468 2132 iste
1550 2082 1551 2162 l

308 2167 348 2219 rel
360 2165 429 2218 idem
442 2173 481 2220 eat
492 2183 551 2220 oum
564 2166 757 2232 Nebonassaro‚
774 2168 816 2220 vel
831 2168 919 2238 potius
930 2165 1047 2220 Baladan
1059 2165 1208 2220 hierodachi
1222 2173 1303 2236 pater,
1319 2181 1335 2218 a
1350 2181 1404 2236 quo
1422 2163 1468 2218 Ba·
1550 2171 1551 2178 ’

311 2251 458 2320 bylonicum
469 2253 606 2322 imperium
621 2252 653 2306 ad
664 2251 944 2309 Nabuchodonosorem
960 2259 987 2306 et
1001 2257 1119 2323 posteros
1135 2267 1219 2322 usque
1233 2257 1408 2322 propagatum
1424 2255 1468 2314 est,

198 2351 202 2362 ⁸
308 2335 390 2390 donec
402 2335 495 2406 aCyro
507 2347 533 2390 et
541 2337 625 2391 Persis
638 2338 780 2392 extinctum
793 2345 839 2394 est.
857 2339 895 2392 De
904 2338 1090 2410 posterioribus
1099 2338 1212 2407 Assyriis
1224 2337 1342 2408 suspicor
1352 2337 1468 2390 locuturo

307 2421 495 2494 Epiphaniam,
506 2424 592 2494 potius
603 2439 681 2494 quam
690 2423 721 2478 ds
734 2425 848 2494 antiquis
859 2424 918 2478 illis.
937 2423 1020 2488 Quem
1030 2439 1079 2478 nos
1091 2429 1120 2478 ut
1131 2422 1165 2476 ab
1177 2439 1262 2476 errore
1274 2428 1407 2493 utcunque
1416 2421 1467 2475 riu·

308 2507 436 2574 dicemus,
448 2517 576 2579 quatsnus
585 2509 676 2564 Medos
686 2509 837 2579 Babyloniis
845 2510 1002 2580 posteriores
1010 2510 1110 2580 posuit,
1123 2509 1155 2562 ad
1164 2509 1272 2564 Darium
1280 2509 1355 2562 illum
1364 2506 1467 2562 Medum
1551 2512 1552 2594 l

307 2596 453 2666 respexisse
465 2595 605 2660 credimus,
624 2595 713 2666 quiex
725 2596 867 2650 multorum
879 2597 1008 2650 sententia
1018 2595 1155 2650 Medorum
1166 2603 1314 2666 postremus
1325 2609 1373 2648 rex
1383 2593 1435 2646 luit
1444 2599 1468 2646 et
1551 2595 1552 2640 l

307 2697 367 2736 curn
379 2679 459 2751 Cyro,
475 2679 708 2751 Babylonscapta,
726 2681 835 2734 eandem
852 2681 1055 2735 solusohtinnit.
1090 2679 1163 2745 Quod
1175 2682 1225 2734 etsi
1235 2695 1468 2752 nequaquampro-
1551 2669 1552 2672 ¹

307 2767 400 2821 bamus
412 2768 508 2838 (neque
520 2767 591 2820 enirn
602 2767 696 2820 Darius
714 2767 757 2820 ille
768 2767 883 2820 Danielis
894 2767 1031 2820 Medorum
1047 2783 1094 2820 rex
1110 2766 1184 2832 iuitl,
1201 2766 1370 2820 nihilomiuus
1386 2781 1422 2819 ex
1438 2781 1466 2818 ec

306 2854 423 2908 manarit
432 2859 600 2924 praepostera
609 2853 656 2906 ills
666 2868 806 2924 regnorum
822 2853 891 2923 apud
907 2851 1082 2923 Epiphaniam
1100 2851 1254 2906 distributio.
1276 2851 1401 2922 Alioquin
1417 2865 1466 2905 cer·

306 2938 410 2992 tissima
431 2943 471 2991 est
492 2945 519 2991 et
539 2937 572 2992 ud
594 2937 709 2992 Danielis
726 2939 854 2993 visionem
873 2937 1144 2992 accommodatissima
1163 2937 1314 3006 Hieronymi
1333 2937 1466 3002 sensenna,

308 3029 418 3092 quatuor
430 3023 554 3077 animalia
564 3023 672 3078 totidem
683 3025 792 3096 imperia
803 3023 965 3095 significare,
980 3022 1199 3094 Babyloniorum,
1216 3023 1369 3089 Persarum,
1384 3023 1466 3078 ttacs

308 3107 417 3173 dunum,
429 3108 613 3162 Romanorum.

375 3191 525 3264 Ἐπιτρέπιιν
534 3197 585 3255 τοῖς
595 3189 683 3246 ἔθνεσιν
692 3192 723 3256 εἰς
732 3194 861 3266 πόλεμον]
880 3193 911 3249 ‘0
921 3198 986 3256 νοῦςε
999 3195 1094 3265 nugati
1105 3195 1240 3248 nationum
1250 3193 1383 3264 praesides
1390 3193 1467 3248 vincet

308 3279 454 3334 detinentur
465 3278 684 3350 prohibenturque
695 3297 729 3334 ne
741 3280 870 3336 subiectos
882 3281 933 3335 sibi
944 3281 1054 3351 populos
1066 3279 1099 3332 ad
1110 3279 1178 3334 bella
1187 3285 1337 3350 provocent.

509 3503 554 3556 ΔΙ)
571 3501 745 3558 BAEBESIM
760 3503 822 3568 Lll,
840 3501 929 3568 QUAE
946 3503 1010 3558 nst
1027 3502 1265 3558 ADAMITABUM.

375 3622 564 3694 spurcissimae
573 3621 649 3676 huius
659 3622 774 3678 haeresis
782 3629 901 3678 autorem
909 3623 1086 3678 'theodoretus
1096 3625 1161 3678 lacit
1170 3622 1316 3688 Prodicum,
1327 3623 1403 3678 cuius
1413 3637 1464 3678 ιιι·

307 3709 385 3764 miuit
395 3707 475 3762 (llam.
484 3726 523 3764 ιιι.
535 3707 630 3762 Strom.

375 3795 405 3849 N.
418 3813 446 3849 ιι.
465 3793 510 3846 dria
521 3793 549 3846 rb
562 3787 620 3846 siout
631 3791 727 3864 ibana]
748 3795 809 3850 Hes.
822 3791 905 3866 ”sept
918 3792 1006 3866 ἀτμὸς,
1020 3795 1111 3856 καπνὸς
1123 3793 1225 3860 larris,
1236 3791 1309 3865 darual.

367 3881 449 3946 ,Δίκην
461 3878 634 3951 Καμψαρίων]
654 3879 726 3933 Idem
737 3881 797 3934 Hes.
810 3877 908 3952 κάμψιν,
922 3881 995 3952 θήκη,
1008 3880 1217 3952 ylnseuoaops‘rcv.
1235 3879 1269 3934 tlt
1279 3879 1388 3951 stuppis,
1397 3879 1462 3947 auti,

308 3966 425 4021 ausinae.
443 3965 550 4020 Suidas:
563 3964 643 4036 lidda,
656 3965 734 4036 κίστη,
746 3967 761 4031 ἢ
775 3965 844 4032 θήκη.
862 3967 945 4036 Igitur
956 3967 1066 4036 capsarii
1077 3971 1140 4020 suut
1149 3963 1347 4036 ἱματιοφνλακις,
1358 3963 1407 4020 hoc
1416 3971 1463 4028 eet,

308 4058 338 4104 ut
347 4053 451 4122 glossae
462 4051 583 4116 reddunt,
595 4055 720 4104 cormorii.
753 4050 1245 4121 Supraiullebion.01eoriosrooebat
1279 4051 1376 4106 Paulus
1386 4047 1461 4104 lihd.

309 4137 332 4202 l.
343 4139 425 4194 ultim.
439 4137 470 4190 D.
482 4136 514 4190 de
525 4135 600 4192 offic.
613 4135 696 4190 Praet.
705 4135 765 4205 Vig.
777 4136 868 4190 eadem
878 4151 941 4190 roca
953 4137 1128 4207 capsariorurn
1140 4137 1260 4208 appellat.

491 4357 536 4412 sl)
553 4355 726 4414 marsim
742 4355 816 4423 tul,
834 4357 922 4424 QUAE
939 4358 1003 4413 EST
1020 4357 1281 4414 ssmrsshoaum

376 4475 414 4529 De
426 4491 458 4528 sa
468 4477 521 4530 iam
532 4479 560 4531 in
572 4479 746 4548 superioribus
759 4477 885 4545 diximus,
896 4483 927 4532 ut
937 4486 964 4532 st
974 4479 1007 4534 de
1017 4479 1130 4546 Bhaeo,
1141 4481 1196 4536 sive
1206 4479 1291 4536 Elxai.
