3126 5046
321 301 398 362 OGIV

269 495 274 513 .
321 465 467 514 orhemum
484 475 569 531 usque
584 461 654 515 ritas
670 461 815 532 periculum
831 464 859 516 in
876 462 969 516 delicto
985 467 1203 534 perseverassent.
1236 463 1312 518 Unde
1328 464 1356 518 in
1371 463 1469 520 ccndllc

319 545 415 601 Arclat.
426 565 446 602 r.
459 545 617 602 Canama:
630 545 734 611 Delie,
746 554 790 618 qni
801 557 960 618 apostatant,
973 559 997 602 et
1009 567 1134 619 ιιιιιιᾳιιαιιι
1144 567 1172 602 ae
1184 551 1222 602 ud
1231 551 1366 604 sescena
1375 566 1469 619 sepem

319 642 431 698 scatent,
447 650 494 686 nec
511 635 610 702 quidese
621 636 802 702 poenitentium
819 651 896 702 apere
913 644 1049 704 quaenunt,
1065 646 1090 688 ct
1100 645 1192 704 porta
1208 638 1355 704 infirmitate
1372 639 1471 704 correpte·

318 727 407 788 petunt
418 722 622 782 commentorem,
634 719 738 788 placuit
754 723 791 770 ca'r
807 737 856 772 cors
868 722 982 772 duodone
998 724 1205 784 communionem,
1221 724 1272 772 oiri
1287 722 1439 774 malumst
1452 731 1472 772 st

321 807 421 873 sper-int
431 806 520 872 diptica
524 807 632 872 fructur
641 807 819 874 poeniunticc.

387 889 434 942 list
445 889 516 943 aliud
527 889 633 960 insuper
644 889 672 942 in
683 890 728 944 illo
741 889 885 944 innocentii
895 890 953 944 loco
965 891 1073 944 minime
1084 891 1297 962 praetereundem
1303 929 1310 956 ,
1323 907 1383 944 curu
1394 892 1428 944 ait
1438 907 1472 942 rc·

319 983 408 1043 qutun
413 979 497 1045 fluisse
509 979 713 1039 commembres,
726 993 870 1028 comeranus
877 981 1071 1046 poenitentium,
1090 993 1120 1028 sc
1136 987 1211 1030 tetum
1224 981 1327 1046 percitae
1338 985 1474 1044 separetur.

319 1060 361 1115 liu
373 1077 424 1131 quo
435 1061 473 1114 ita
484 1061 606 1131 colligere
617 1061 689 1113 licet=
702 1061 754 1114 nisi
764 1062 939 1132 poenitentiae
950 1062 1056 1116 nominc
1067 1063 1258 1116 absolutionem
1266 1061 1431 1116 Innocentius
1441 1063 1475 1114 iu·

319 1147 432 1216 telligat,
449 1161 516 1216 quae
527 1163 544 1198 a
554 1145 678 1200 dominici
689 1149 804 1218 corporis
817 1147 960 1218 usurpandi
970 1149 1026 1202 iure
1038 1147 1159 1202 distincta
1170 1149 1216 1212 eit,
1232 1148 1264 1200 de
1279 1164 1332 1218 quc
1343 1152 1434 1217 postca
1443 1147 1476 1199 di·

320 1248 422 1297 cemus,
432 1231 587 1302 quibusdum
596 1233 775 1302 peccatoribus
785 1234 972 1303 poenitentium
979 1233 1017 1286 ita
1024 1234 1181 1303 permissam
1190 1249 1259 1296 esee,
1269 1240 1477 1303 uteauunquam

320 1317 490 1372 relaxaretur.
524 1316 568 1370 Sic
580 1317 650 1370 enim
662 1333 720 1370 sese
731 1335 773 1372 res
784 1315 882 1372 hahuit
916 1317 976 1372 Nou
991 1324 1087 1372 temere
1099 1319 1184 1388 quiris
1196 1319 1229 1371 ad
1239 1319 1427 1388 poenitentiam
1438 1317 1477 1370 ad·

320 1404 480 1467 miremort,
493 1408 534 1467 ut,
547 1403 666 1471 quamvis
675 1419 809 1473 uunquam
818 1405 846 1456 in
855 1405 967 1474 gratim
976 1421 1037 1458 cum
1045 1405 1156 1458 ecclesia
1163 1405 1292 1458 rediturus
1302 1410 1383 1468 mast,
1394 1409 1478 1456 tamen

321 1503 381 1542 cum
390 1489 477 1558 aliquo
487 1487 586 1541 delectu
595 1488 727 1558 publicam
736 1489 768 1541 ad
777 1490 982 1543 satisfactionem
990 1489 1228 1560 poenitentiamque
1235 1489 1400 1559 reciperetur.
1416 1489 1478 1542 liam

321 1579 348 1626 et
358 1574 385 1626 iu
396 1572 503 1644 publica
518 1573 692 1643 poenitentiae
702 1574 850 1640 iuncfions,
866 1575 909 1628 rel
924 1576 989 1628 citrs
1005 1575 1177 1628 absolutionis
1193 1591 1278 1644 apem,
1294 1590 1359 1628 suus
1376 1575 1477 1643 quidam

320 1664 376 1712 erat
386 1660 487 1712 trustem
493 1698 500 1724 ,
516 1659 586 1728 quod
601 1659 729 1730 imprimis
739 1659 856 1714 fidelium
868 1661 988 1730 precibus
1000 1659 1233 1714 commendatiores
1245 1667 1340 1712 esseut.
1374 1659 1447 1723 Quod
1457 1660 1478 1711 si

320 1749 454 1816 praetcrea
463 1751 589 1814 perpetua
600 1745 645 1797 illa
655 1746 815 1815 poenitentia
826 1745 955 1800 damnatis
967 1745 1111 1815 ffiadadm,
1127 1751 1157 1798 ut
1172 1744 1294 1808 caeteris,
1312 1745 1345 1797 ud
1362 1753 1477 1814 quartum

320 1831 493 1902 ultimumque
506 1829 622 1884 ordinem
633 1831 722 1883 liceret
733 1829 818 1894 ershi,
831 1847 909 1900 quam
922 1831 1037 1882 σύστασιν
1046 1832 1187 1896 vocabant,
1198 1847 1253 1884 nun
1265 1829 1476 1884 contemnendum

321 1931 415 1986 operae
431 1915 544 1986 pretium
559 1915 658 1980 extitit,
675 1917 698 1968 ei
714 1917 801 1973 minus
819 1916 852 1970 ad
868 1932 959 1986 pacem
971 1922 998 1968 st
1008 1915 1180 1970 eucharistias
1196 1917 1431 1986 participationem,
1447 1914 1476 1966 ad

319 2002 470 2058 interiorem
486 2005 574 2054 temen
591 2002 716 2054 orationis
732 2007 944 2071 caeterarumque
960 2019 1047 2056 rerum
1058 2003 1210 2055 societatem
1221 2001 1363 2056 transferri.
1398 2000 1476 2064 Qum-

322 2101 400 2157 quam
413 2087 459 2139 uix
470 2092 512 2140 est
522 2092 552 2139 ut
562 2087 665 2140 credam
681 2087 813 2157 perpetuis
829 2088 881 2141 illis
897 2088 1089 2158 poenitentibus
1104 2093 1264 2157 postremum
1280 2087 1357 2139 illurn
1373 2086 1474 2156 gradium

321 2172 449 2243 patuisse,
462 2172 525 2241 quin
536 2171 623 2241 potius
635 2173 718 2226 tribus
730 2173 860 2248 prioribus
872 2172 992 2226 definitos
1004 2173 1063 2226 illos
1075 2189 1132 2226 sese
1144 2174 1270 2242 suspicor.
1301 2171 1344 2224 lta
1353 2171 1422 2241 apud
1432 2169 1475 2224 lia·

321 2255 410 2310 silium
426 2255 489 2310 Gan.
501 2273 593 2310 uxum.
610 2257 643 2310 ad
658 2255 771 2327 Amphil.
789 2259 834 2327 qui
850 2257 982 2311 Christum
999 2257 1146 2328 negaverit,
1163 2259 1230 2310 iuter
1247 2256 1438 2326 supersticiosis<
1452 2257 1476 2308 iu

322 2348 475 2412 perpetuum
487 2343 624 2412 relegatur.
652 2340 683 2394 ‘0
699 2342 741 2393 rhu
757 2343 861 2414 Χριστὸν
879 2341 1056 2414 ἀρνησάμενος,
1073 2343 1113 2396 cul
1130 2338 1242 2413 παραβὰς
1258 2360 1272 2394 τ
1303 2346 1346 2409 τῆς
1363 2342 1476 2411 σωιηρίας

322 2427 462 2497 μυστήριον,
474 2424 499 2478 iv
511 2426 582 2478 cauri
594 2431 630 2496 τῷ
643 2428 729 2497 χρόνῳ
737 2433 779 2494 τῆς
792 2431 856 2495 ζωῆς
868 2428 944 2481 αὐτοῦ
953 2429 1106 2498 προςιιλιιιειν
1116 2425 1218 2498 ὀφείλει,
1230 2428 1271 2480 καὶ
1282 2425 1478 2498 teqmtoqsets

320 2513 455 2584 χριιιιστέῐ,
473 2509 497 2564 ιν
514 2515 552 2582 τῷ
570 2515 648 2582 καιρῷ
666 2507 688 2583 ᾧ
704 2510 806 2581 iudcium
822 2517 866 2565 τοῦ
879 2514 932 2583 βίου
943 2518 994 2566 τῶν
1006 2512 1164 2585 ἁγιασμᾶτωι
1176 2511 1329 2584 dissipasse,
1348 2513 1426 2566 trieres
1441 2513 1478 2576 τῆς

321 2597 389 2668 παρὰ
401 2597 457 2650 teon
469 2597 658 2668 φιλανθρωπίας.
687 2599 854 2668 novenum
866 2616 928 2653 vcro
939 2600 1003 2654 Gan.
1015 2617 1091 2656 runs.
1103 2617 1148 2653 ecs
1160 2601 1204 2669 qui
1215 2599 1393 2653 rcluuterium
1403 2597 1479 2654 homi·

321 2683 418 2738 cidium
428 2684 633 2754 perpetraverint
642 2689 698 2737 toto
709 2685 779 2738 ritae
789 2691 905 2756 tempore
916 2683 1057 2738 ὑποπτώοει
1068 2685 1185 2738 subiicit:
1198 2685 1251 2754 περὶ
1263 2683 1382 2736 ἑκουσίων
1395 2685 1479 2754 φόνων,

321 2768 526 2822 ὑποπιπτέτωσαν
539 2768 590 2840 ple,
603 2773 648 2821 τοῦ
660 2768 687 2822 δὲ
699 2767 791 2822 τελείου
804 2767 828 2821 ἐν
839 2774 876 2840 τῷ
889 2769 954 2822 τέλει
965 2775 1009 2823 τοῦ
1021 2769 1075 2838 βίου
1087 2770 1311 2830 susurratricem.
1333 2770 1417 2840 Atqui
1426 2769 1479 2823 Bal·

321 2869 396 2908 aamo
405 2855 438 2908 ad
447 2855 538 2909 Basilii
548 2853 680 2910 Gunoucm
689 2871 742 2908 non
751 2861 825 2925 putat
832 2857 891 2910 illes
900 2857 951 2908 τῶν
962 2855 1161 2928 speculationes
1173 2855 1256 2925 gradu
1267 2861 1396 2926 perpetuo
1406 2855 1480 2910 inisse

321 2939 472 3005 ὼιιιιιιιοι,
492 2941 538 2994 aed
557 2941 672 3010 reliquos
692 2957 783 2994 omncs
801 2958 834 2995 er
852 2941 1005 3010 Ancyranae
1024 2941 1117 3010 synodi
1136 2942 1295 3012 praescripto
1314 2942 1479 3011 percurrisse:

321 3025 391 3095 qnod
402 3025 472 3078 haud
483 3026 537 3079 scic
550 3043 584 3080 au
596 3027 744 3090 resumsit,
756 3027 880 3096 quoniam
890 3027 1042 3095 Ancyranus
1054 3025 1144 3080 Canon
1155 3027 1219 3079 satie
1231 3027 1371 3081 commode
1382 3026 1416 3080 ad
1426 3041 1480 3079 eunt

321 3125 429 3164 sensum
439 3112 555 3164 revocari
565 3111 674 3165 ridetur.
696 3112 752 3165 Hoc
763 3128 840 3177 vero,
851 3113 921 3182 quod
932 3129 967 3165 eur
978 3112 1123 3166 iunocentii
1133 3112 1243 3182 epistula
1254 3113 1397 3180 colligitur,
1408 3113 1481 3164 etiam

323 3193 447 3265 Cypriani
463 3197 589 3250 autoritas
607 3197 770 3268 comprobat,
788 3198 833 3267 qui
850 3199 878 3250 in
895 3197 978 3268 Epist.
990 3197 1023 3250 ad
1034 3197 1130 3252 Anton.
1148 3196 1199 3250 duo
1217 3197 1263 3250 illa
1279 3197 1317 3250 aic
1335 3196 1480 3268 distinguit:

221 3299 242 3340 p.
251 3288 296 3332 ιιι.
322 3280 414 3346 Miror,
426 3281 525 3350 inquit,
541 3285 660 3352 quondum
671 3287 709 3334 sic
721 3284 860 3336 obstinatos
870 3301 934 3347 cere,
946 3293 976 3335 ut
983 3285 1097 3336 desdam
1109 3285 1190 3352 lapsis
1202 3301 1249 3334 ιιοιι
1259 3291 1351 3352 putem
1357 3287 1481 3352 poenites·

323 3370 397 3429 ιιιιιιι,
410 3376 457 3418 out
463 3369 646 3436 posrre'tents'dus
656 3373 798 3421 σαιιιιιιιιιι
807 3374 906 3422 scriem
918 3371 1102 3437 decerpendum.
1134 3367 1212 3421 Aliud
1222 3369 1312 3438 itaque
1320 3368 1414 3434 fuerit,
1425 3384 1481 3438 pue

322 3451 458 3506 nitentium
471 3453 623 3518 concedere,
635 3453 706 3506 aliud
717 3455 879 3524 poenitentes
890 3453 923 3507 sd
935 3471 1010 3525 spem
1020 3454 1238 3508 reconciliationis
1248 3453 1395 3508 admittere.
1412 3453 1481 3517 Quod

322 3537 351 3591 iu
362 3535 515 3590 Neratianis
530 3537 698 3592 nihilomiuus
715 3538 879 3610 reprehendit
889 3539 1042 3592 Ambrosius
1058 3539 1103 3594 lib.
1115 3557 1133 3594 1.
1151 3539 1182 3592 de
1193 3538 1272 3594 Poen.
1290 3553 1348 3609 cap.
1360 3557 1381 3593 r·
1419 3539 1484 3600 Qse‘d

323 3631 406 3676 usum
418 3623 519 3686 durius,
535 3624 632 3692 inquit,
648 3643 722 3693 quum
739 3637 767 3678 ut
782 3627 900 3678 intimaret
905 3629 1100 3694 poenitentium,
1117 3643 1192 3694 qaum
1208 3643 1256 3677 ιιιιιι
1268 3627 1402 3677 relucenti
1434 3622 1483 3676 Sed

322 3707 389 3762 elius
397 3707 530 3762 Ambrosii
542 3709 645 3762 saeculo
657 3710 710 3762 iam
721 3725 784 3762 usus
797 3711 990 3778 percrebuerat,
1002 3710 1106 3763 nubum
1116 3716 1146 3762 ut
1155 3716 1322 3780 peccatorum
1334 3725 1420 3780 genus
1431 3725 1483 3762 am·

321 3793 390 3866 plius
402 3793 591 3849 excluderetur.
618 3793 674 3848 Nisi
685 3795 752 3849 forte
764 3793 848 3849 adhuc
859 3797 887 3848 iu
897 3795 1024 3866 Hispania
1035 3795 1192 3864 quibusdam
1202 3796 1231 3848 in
1241 3795 1307 3848 locis
1318 3796 1421 3865 antiqui
1430 3811 1483 3848 mo

321 3881 357 3934 ris
370 3879 512 3949 vestigium
523 3885 636 3944 extaret,
654 3897 736 3950 eoque
753 3897 832 3934 sensu
843 3881 972 3934 Parianus
984 3880 1149 3951 accipiendus
1161 3881 1209 3944 sit,
1226 3897 1286 3934 cum
1298 3881 1350 3934 tria
1360 3881 1406 3933 illa
1417 3881 1484 3950 eapi-

321 3965 386 4018 talia
397 3965 506 4019 crimina
517 3967 616 4018 nullum
628 3967 767 4036 impetrare
777 3981 868 4036 pacem
880 3968 1035 4036 veniamque
1046 3967 1211 4036 pronunciat.
1238 3965 1356 4029 Qrmrum
1366 3965 1484 4019 conscios

321 4065 383 4104 cum
394 4051 428 4104 ad
438 4051 631 4121 procurandum
641 4050 810 4104 nihilomiuus
827 4050 971 4104 remedium
988 4051 1112 4115 humatur,
1127 4049 1186 4104 fieri
1200 4055 1287 4121 potest
1302 4057 1333 4104 ut
1348 4050 1381 4104 ad
1397 4067 1484 4121 capse-

322 4135 430 4190 cendam
442 4137 499 4190 sine
510 4137 564 4190 ulla
575 4152 621 4206 spe
638 4138 854 4190 reconciliationis
871 4137 1058 4207 poenitentiam
1074 4137 1198 4206 impellet.
1232 4134 1308 4190 Certe
1325 4137 1418 4206 negari
1433 4153 1485 4189 non

322 4225 409 4288 potest
419 4223 483 4291 quin
494 4223 604 4276 obscure
616 4238 646 4274 ac
658 4223 781 4292 perplexe
793 4223 824 4276 de
836 4223 884 4276 hac
895 4239 923 4275 re
934 4223 1062 4276 Parianus
1074 4222 1203 4292 desputst,
1216 4222 1280 4278 adeo
1292 4229 1323 4275 ut
1333 4237 1367 4276 ex
1378 4221 1485 4275 illiberi-

322 4309 383 4358 tano
395 4323 520 4361 oeussseu
532 4308 691 4377 asperiorem
702 4307 774 4362 illam
786 4307 951 4378 disciplinam
963 4308 1124 4378 expressisse
1135 4307 1215 4360 rideri
1227 4308 1319 4377 possit.

391 4390 431 4444 lix
442 4393 475 4444 iis
487 4393 609 4446 omuibus
621 4392 703 4462 liquet
714 4394 804 4462 procul
816 4409 832 4446 a
843 4393 1049 4448 Neratiancrum
1060 4409 1146 4446 errore
1154 4409 1185 4446 ao
1194 4392 1304 4462 pertidia
1312 4393 1485 4446 Ilh'beritanos

321 4479 409 4543 patres
421 4476 549 4540 abluisse,
561 4493 609 4530 uec
621 4477 691 4531 aliud
704 4478 812 4530 omuino
822 4479 874 4531 uiri
883 4485 928 4532 aut
936 4480 1049 4548 priscam
1058 4479 1182 4532 ecclesiae
1191 4478 1366 4548 disciplinam,
1376 4477 1425 4530 ced
1438 4495 1486 4530 usu

323 4559 376 4612 ianr
390 4559 566 4626 obliteratam,
583 4561 667 4616 denuo
679 4579 827 4628 resecasse,
839 4569 884 4616 aut
894 4563 1044 4618 haerentem
1056 4563 1140 4616 adhuc
1152 4564 1179 4616 in
1190 4563 1325 4633 Hispaniis
1335 4563 1411 4616 noris
1422 4564 1486 4634 legi·
