3162 5050
305 308 407 366 ocvnt

304 475 331 520 et
340 465 458 518 humanit
468 463 565 532 lepidus
578 481 629 516 uec
636 461 781 533 prohibeor,
797 467 826 516 iu
840 467 933 516 mortue
948 467 1061 532 omue'que
1076 463 1192 527 ἱιιαιιια,
1204 462 1356 532 {domabili
1370 465 1465 534 quiden

305 553 379 620 apud
392 552 528 613 domiuum,
544 550 591 601 sed
607 551 678 618 apud
692 549 804 602 domines
815 550 949 618 plerosque
964 553 1040 602 elices
1052 549 1187 602 laudabili.
1222 551 1312 602 Autei
1323 567 1361 602 me
1373 551 1407 604 ct
1419 549 1464 602 luc

303 641 417 708 nequitia
429 639 569 698 reuocatis,
587 635 664 687 dicite
679 623 762 686 utrum
776 634 840 686 milei
851 635 950 703 aliquid
956 638 1042 704 proeit
1057 635 1094 687 cd
1108 637 1187 688 eitum
1195 637 1328 702 picturam,
1344 639 1369 688 ui
1379 639 1407 686 iu
1418 639 1465 688 ictu

304 725 359 774 uita
381 721 616 773 illecebrosiesimce
637 722 774 790 vuluptctie
795 720 968 772 blandimento
986 728 1167 790 contempsero,
1184 723 1209 772 ei
1225 721 1359 774 libidinum
1374 724 1465 774 iucitc·

220 843 225 857 .
272 843 278 856 .
303 815 388 858 menta
398 809 571 874 froeucomo,
587 809 611 856 ei
628 808 664 860 ud
681 807 859 874 emeqandum
877 823 970 874 corpus
986 821 1064 858 meum
1081 807 1159 858 multa
1176 805 1238 858 mili
1255 809 1331 860 ιιιαιι
1351 807 1426 858 dmm
1446 815 1467 857 et

304 907 426 945 concerto
438 909 575 960 nequivero,
587 895 612 943 ei
622 909 660 944 rue
667 892 818 960 poenitendo
830 909 904 960 quum
912 895 988 960 prius
999 890 1166 944 vehementur
1176 895 1371 954 excruciavero,
1388 895 1414 943 ei
1424 895 1466 942 rui·

302 977 441 1030 emubiliue
452 981 607 1046 iuqeuuero,
617 978 744 1045 eiflwero
755 976 868 1039 uberius,
879 981 904 1028 ei
914 979 1001 1028 uixero
1012 977 1111 1039 melius,
1123 979 1148 1028 ei
1153 994 1285 1046 pauperet
1294 985 1466 1030 eusteutnuero

303 1063 416 1131 lurqiue,
433 1065 457 1114 ei
468 1067 591 1125 caritate,
606 1079 671 1131 quoe
682 1065 766 1130 operit
775 1063 958 1115 multitudinem
965 1071 1143 1130 peccatorum,
1152 1063 1306 1130 sloqrcnero
1321 1064 1465 1116 ardentius:

304 1153 360 1218 quie
369 1158 477 1201 noevum
486 1152 525 1200 iic
535 1149 638 1216 desipit,
650 1157 677 1199 ut
685 1145 745 1198 lule
754 1146 849 1200 homiui
858 1147 941 1210 dicut,
954 1146 1020 1198 uilsil
1027 1147 1075 1198 tilii
1082 1151 1134 1200 ieta
1138 1148 1283 1216 proderunt
1292 1153 1319 1200 iu
1325 1159 1465 1217 posterum,-

302 1235 370 1287 uude
381 1234 470 1287 eclteu
481 1233 555 1286 iuius
565 1236 635 1284 nitor
646 1236 773 1284 euceitute
780 1235 933 1301 perfruere!
966 1232 1079 1284 Avenae
1093 1234 1154 1286 deus
1171 1241 1223 1285 tam
1237 1237 1371 1286 immunem
1384 1237 1466 1286 eucri-

302 1320 434 1389 leqomque
445 1320 602 1371 dementium.
636 1316 759 1377 Quamuis
770 1334 829 1384 erqo
841 1327 915 1370 ceute
925 1317 1110 1386 salubriterque
1117 1322 1249 1388 precisum
1260 1323 1306 1380 eit,
1317 1328 1345 1372 ut
1356 1320 1426 1372 locus
1437 1320 1465 1370 il·

302 1405 353 1457 lius
364 1403 698 1473 humillimcepoeuiteuticc
709 1403 822 1455 eumelio
834 1403 944 1456 ercleeio
958 1405 1122 1466 coucedatur,
1139 1421 1170 1456 ue
1185 1405 1313 1456 medicina
1328 1405 1389 1456 oilie
1406 1413 1467 1456 reret

304 1493 427 1559 ccqrotie,
445 1507 509 1558 quoe
527 1497 596 1542 torto
607 1491 690 1557 suopte
701 1488 813 1540 sulubrie
824 1497 872 1551 eet,
889 1493 981 1557 quuuto
998 1492 1080 1540 misius
1097 1489 1289 1558 coutemptiiile's
1298 1492 1396 1557 flectit,
1414 1493 1466 1559 quie

301 1585 387 1629 tomen
398 1576 496 1629 αιιιιιαι
505 1577 603 1637 dicere,
619 1591 699 1644 quare
711 1572 770 1626 tute
782 1571 888 1637 domici,
905 1577 948 1642 qui
959 1582 1020 1643 poet
1026 1577 1139 1642 primurn
1146 1577 1330 1643 poenitentium
1340 1592 1432 1628 ruem
1441 1593 1465 1626 ee

301 1662 402 1732 loquele
412 1664 556 1731 im'quitutis
566 1660 711 1726 elutriuqit,
727 1657 812 1712 alteo
828 1663 918 1712 iterum
930 1661 1041 1728 porois!
1057 1667 1104 1713 etc.
1139 1658 1287 1729 Augustino
1307 1657 1465 1730 suffragatur

302 1747 456 1802 Ambrosius
468 1745 548 1801 libm.
561 1745 593 1798 de
604 1744 705 1798 Poenit.
717 1759 805 1814 cepa.
828 1743 920 1796 Merito
932 1744 1158 1814 reprehenduntur,
1171 1749 1215 1814 qui
1224 1747 1328 1814 eoepiue
1340 1747 1464 1814 cqeudcn

298 1837 482 1904 poeniturtium
489 1840 596 1902 putum,
609 1835 670 1900 qrtic
682 1831 845 1882 luxuriantur
854 1834 883 1882 iu
896 1828 1003 1883 Clerieto.
1037 1829 1108 1882 Num
1119 1833 1143 1881 ei
1153 1847 1213 1882 uere
1224 1835 1465 1901 uqereutpoeuiteu·

301 1923 377 1982 doen,
393 1919 540 1970 iterandum
555 1933 605 1970 nou
615 1925 752 1984 putorem
769 1918 830 1983 quic
845 1919 914 1968 sieut
928 1931 1004 1967 uerum
1019 1915 1160 1984 baptismo,
1176 1920 1216 1967 ito
1232 1933 1287 1968 uua
1298 1920 1465 1988 poereitcutiu,

302 2021 367 2074 quoe
379 2013 461 2056 tomen
469 2003 572 2073 publice
584 2004 679 2068 cqitur.
703 1999 775 2052 Nom
786 2001 929 2068 quotidiani
940 2017 985 2052 oce
997 1999 1068 2052 debet
1075 2003 1206 2070 poeniten
1213 2005 1332 2070 pcccati,
1343 2003 1392 2055 sed
1401 2001 1465 2055 inec

303 2089 450 2142 delictorum
462 2089 595 2150 leviorum,
607 2085 655 2137 illa
663 2089 819 2153 qrcriomm.
836 2083 948 2138 Demnm
960 2083 1086 2154 Origenes
1098 2083 1172 2138 Hom.
1182 2101 1226 2140 xv.
1239 2085 1266 2138 in
1279 2103 1339 2140 xxv.
1349 2102 1407 2157 esp.
1420 2085 1465 2140 Le-

301 2175 347 2226 uit.
372 2173 405 2224 Iu
415 2171 580 2242 qrunioribm
591 2174 656 2222 euim
668 2170 816 2222 criminibus
826 2171 902 2222 eernel
913 2179 1023 2234 tannem,
1038 2172 1078 2222 uel
1092 2189 1155 2223 raro
1166 2175 1338 2240 poeniteutiae
1349 2175 1464 2226 concedi·

305 2269 346 2310 tur
358 2259 439 2310 lccue:
456 2261 508 2310 ieta
524 2274 583 2309 cero
596 2260 748 2318 commuuio,
764 2273 829 2324 quae
838 2259 987 2325 frequenter
998 2259 1163 2322 iucurrimue,
1179 2274 1277 2326 semper
1285 2263 1465 2326 poenitentium

302 2347 441 2414 recipiunt,
458 2345 540 2412 etſsue
550 2345 732 2394 intermistione
743 2343 907 2393 redimuntur.
942 2339 1029 2414 Quem
1041 2343 1136 2394 coeteri
1150 2357 1285 2413 uunquam
1301 2342 1390 2396 iteruri
1405 2359 1465 2398 con·

193 2468 198 2479 .
302 2427 425 2493 tendunt,
437 2427 564 2498 Origenes
573 2424 717 2490 interdum,
729 2424 775 2478 sed
786 2440 858 2489 roro,
869 2425 929 2495 plue
939 2425 1022 2480 semel
1033 2425 1149 2480 edhiberi
1160 2427 1301 2497 significet.
1326 2425 1413 2492 Quare
1425 2428 1464 2482 hie

301 2513 376 2568 locus
387 2513 500 2584 insignis
512 2521 560 2567 est
584 2511 680 2565 Verum
691 2509 877 2575 Alexandriae,
889 2516 967 2580 etque
978 2511 1006 2564 in
1017 2512 1090 2577 eliis,
1107 2513 1129 2566 ei
1139 2512 1219 2578 torte,
1230 2513 1371 2584 prouinciis
1383 2513 1464 2568 diuer-

301 2615 362 2654 sum
373 2607 451 2669 etque
462 2600 490 2652 in
501 2598 609 2652 coeteris
621 2611 699 2650 usum
709 2596 791 2651 muse
802 2595 935 2666 probabile
946 2604 994 2651 eet.
1016 2597 1106 2668 Neque
1121 2599 1192 2652 enim
1203 2598 1302 2668 opinor,
1314 2600 1464 2670 posterioris

301 2686 394 2740 seut·
405 2685 513 2754 rigidior
525 2683 662 2754 discipline
672 2682 735 2746 luit,
745 2687 788 2747 ut,
801 2697 863 2736 cum
874 2689 950 2736 sntee
961 2683 1136 2753 poenitentioe
1147 2699 1178 2736 sc
1190 2684 1408 2740 reconciliationis
1418 2687 1465 2740 ite-

300 2770 397 2828 rnndee
408 2776 523 2841 potestus
534 2769 621 2834 tieret,
633 2785 665 2822 es
676 2773 736 2838 post
746 2769 856 2838 primum
865 2766 988 2838 deinceps
997 2769 1088 2838 uegsri
1096 2769 1217 2839 eoeperit.
1238 2768 1278 2822 lu
1289 2769 1395 2839 quidem
1406 2788 1465 2842 pro·

300 2856 479 2914 nunciandum
489 2855 603 2918 videtur,
619 2854 671 2908 nisi
687 2854 763 2908 sliter
774 2853 894 2922 Origenie
907 2851 1007 2908 (insece
1023 2869 1052 2907 se
1066 2852 1191 2919 hebetet,
1209 2860 1255 2906 unt
1268 2852 1312 2910 hio
1321 2855 1380 2910 eius
1391 2856 1465 2912 loom

301 2942 471 3013 interpoletur
483 2941 568 2994 luerit.
591 2939 677 2994 Nem
670 2955 697 2992 ιιι
707 2955 740 2992 ec
752 2937 886 2994 deuotum
898 2945 1073 2992 consentaneo
1083 2939 1179 2992 iudicis
1189 2945 1263 3005 sunt,
1276 2941 1466 3010 poenitemiem

300 3029 432 3098 publicem
443 3043 496 3080 non
507 3025 620 3096 emplius
631 3041 711 3095 quem
722 3025 803 3078 semel
813 3025 978 3094 impetratum
989 3023 1077 3078 inisse.

368 3113 408 3166 Ex
421 3129 473 3182 qno
484 3109 646 3182 perdifficilis
657 3109 746 3164 existit
756 3109 887 3179 quaestio,
903 3109 965 3178 quid
976 3109 1027 3166 illis
1041 3110 1147 3164 tndem
1161 3109 1309 3166 hominibus
1321 3112 1421 3166 iactum
1432 3113 1466 3166 sit

301 3199 346 3268 qui
357 3203 417 3268 post
426 3197 540 3268 priorem
551 3195 755 3268 poenitentim'
747 3211 775 3248 ιιι
784 3193 877 3249 endem
889 3195 987 3248 scelere
998 3210 1087 3250 rursus
1101 3196 1274 3260 incurrerent,
1290 3213 1416 3252 rerumne
1431 3199 1466 3252 sit

301 3284 335 3338 sb
347 3283 458 3337 eecleeie
469 3282 576 3334 reiectos
588 3280 647 3336 illos
658 3281 774 3350 penitus,
790 3295 839 3334 neo
856 3279 887 3332 uel
903 3280 1031 3350 privetem
1043 3281 1137 3334 sellem
1148 3282 1264 3351 aliquem
1274 3288 1409 3353 receptum
1419 3283 1465 3338 he·

303 3368 403 3432 buisse,
419 3369 493 3420 cuius
509 3365 635 3422 beneficio
647 3367 674 3420 in
686 3367 816 3436 integrum
826 3365 939 3418 restituti
950 3364 983 3418 ud
993 3365 1141 3420 divinorum
1152 3368 1336 3436 mpeteriorum
1347 3385 1465 3424 commu·

301 3453 407 3508 menum
419 3452 538 3507 redirent
567 3451 617 3516 Qui
629 3451 781 3521 antiquioris
790 3451 916 3504 ecclesiae
926 3449 1038 3504 formem
1050 3467 1080 3506 sc
1090 3452 1305 3508 cousuetudinem
1316 3469 1351 3508 ex
1362 3452 1464 3510 hodier-

300 3539 342 3594 nir
354 3539 480 3594 instimtis
492 3543 518 3590 et
528 3538 644 3592 moribus
652 3537 790 3590 nectimure
802 3537 924 3601 uoluerit,
939 3535 1017 3590 tuelle
1028 3537 1157 3592 mitiorem
1169 3539 1196 3592 in
1207 3545 1309 3608 purtem
1320 3539 1465 3605 inclinsbit,

300 3641 349 3680 uec
364 3625 399 3679 sb
416 3625 487 3678 omni
503 3623 625 3678 ecoleeioe
640 3629 913 3691 momentorumque
926 3623 1057 3677 consortio
1069 3623 1217 3693 repudietue
1232 3624 1291 3678 illos
1307 3623 1465 3694 persuadere

299 3711 350 3766 eibi
361 3710 463 3782 poterit
493 3708 576 3773 Quem
587 3709 616 3762 iu
628 3708 784 3762 sententium
794 3708 899 3777 copiose
910 3707 1017 3777 quidum
1027 3723 1110 3778 nuper
1120 3709 1158 3762 ito
1168 3709 1297 3764 disemnit
1324 3709 1464 3780 Triplicem

300 3797 338 3852 nit
348 3795 418 3868 epud
428 3795 550 3866 antiquos
561 3793 643 3848 luisse
654 3793 851 3864 poenitentium:
867 3791 998 3862 pubiicum
1010 3809 1089 3846 unum
1101 3793 1135 3848 cb
1146 3795 1250 3864 publicu
1261 3801 1383 3866 peccsts,
1399 3796 1464 3849 slte-

300 3897 356 3938 rem
371 3882 499 3953 privatum
516 3895 548 3932 ec
564 3884 690 3932 secretum
706 3885 809 3949 propter
825 3878 939 3943 occulto,
955 3877 1058 3932 tertium
1076 3880 1109 3932 ob
1126 3879 1217 3934 eedem
1235 3881 1337 3934 occulte
1353 3881 1465 3934 crimine

299 3969 402 4038 publice
414 3971 569 4035 susceptum.
587 3965 660 4018 Hunc
673 3980 732 4018 vero
743 3971 901 4034 postremum
913 3981 967 4018 neu
978 3979 1038 4016 eum
1049 3969 1153 4018 tontum
1163 3963 1287 4018 habuisse
1298 3965 1421 4031 fructum,
1435 3972 1465 4020 nt

299 4059 466 4122 potentorum
477 4052 580 4122 culpem
592 4065 623 4103 se
634 4050 784 4119 sempiterni
796 4049 916 4120 supplicii
928 4065 1025 4103 noxum
1037 4050 1210 4120 abstergeret3
1226 4049 1273 4104 sed
1289 4056 1319 4103 nt
1332 4057 1464 4122 tempure·

300 4139 351 4192 ries
363 4139 470 4208 insuper
479 4152 577 4206 poenus
586 4135 708 4198 dilueret,
720 4151 751 4188 sc
760 4139 908 4204 peccatores
917 4133 945 4188 in
953 4135 1083 4205 integrum
1093 4136 1297 4190 cumulatissime
1306 4137 1464 4192 restitueret.

300 4221 409 4276 Proinde
420 4239 475 4276 non
486 4222 541 4275 eius
553 4220 656 4292 cupium
667 4219 813 4289 promiscue
826 4235 883 4273 esse
895 4219 1004 4285 iuetsm,
1022 4235 1106 4290 neque
1117 4222 1220 4291 quoties
1232 4221 1342 4292 quisque
1353 4227 1463 4292 peteret,

299 4307 376 4360 luciis
387 4308 553 4377 permissum,
564 4303 610 4359 sed
622 4305 650 4358 in
662 4304 733 4358 omui
744 4305 798 4357 uite
809 4305 891 4359 semel
901 4305 1038 4360 duntaxat„
1060 4307 1130 4360 lieec
1140 4307 1191 4360 ille.
1214 4305 1256 4360 Ex
1273 4307 1368 4377 quibus
1384 4313 1412 4361 et
1427 4323 1464 4360 ex

299 4393 332 4446 iis
342 4407 408 4462 quse
418 4397 605 4462 consequenter
613 4389 740 4461 disputet,
753 4389 817 4444 uelle
826 4391 896 4446 istud
903 4391 1013 4455 videtur,
1025 4391 1173 4446 istiusmodi
1181 4393 1319 4446 criminum
1330 4409 1389 4446 reos
1400 4399 1464 4463 poet

298 4479 412 4550 priorem
431 4477 618 4548 poenitentium
637 4476 670 4530 ud
690 4477 818 4546 privetum
837 4475 999 4546 conlegisse,
1019 4478 1127 4547 eiusque
1146 4477 1270 4532 beneficio
1290 4477 1462 4532 nihilominus

300 4563 509 4616 communionem
522 4567 656 4616 essecutus
668 4577 734 4616 esse.
