3126 5046
1163 323 1269 380 cobxt

102 479 159 549 pari
170 483 277 550 caeptae
290 477 458 534 cemiterides
467 484 522 534 tam
531 479 661 550 simplices
670 495 750 550 quam
758 479 916 551 geminatae,
928 479 983 532 sive
992 477 1268 534 hecceadecaiterides.

100 563 205 618 Etenim
218 563 360 634 Dionysius
371 565 563 620 Alexandrinus
575 565 739 620 octaiteridis
751 581 878 620 cononem
889 565 1009 620 instituit
1039 563 1195 636 Hippolytus
1207 581 1268 620 sero

100 649 373 715 heccaedecaiterida‚
391 665 470 720 quam
487 649 514 704 in
531 651 605 706 libris
622 650 654 704 de
670 650 805 706 Emendat.
819 651 908 720 Temp.
921 649 1039 720 Scaliger
1056 651 1172 720 exponit
1198 649 1268 714 Quae

101 751 194 788 omues
206 731 343 790 methodos
354 741 486 806 postremo
498 735 721 792 enneadecaeteris
734 737 858 802 exclusit,
869 737 903 790 ab
914 735 1096 788 Alexandrinis
1110 741 1136 790 et
1146 736 1267 790 Anatolio

100 837 154 874 uon
166 820 213 874 ills
225 820 330 890 quidem
342 821 505 891 excogitata,
523 827 553 875 ut
567 837 660 892 parurn
676 822 815 892 prudenter
826 822 942 892 plerique
954 821 1095 892 scripsere,
1111 821 1194 876 multo
1206 837 1267 876 vero

99 906 189 960 miuus
205 905 238 960 ab
250 905 363 962 Eusebio
376 905 539 962 emonensi
555 911 669 978 reperta,
687 907 733 960 eed
750 908 784 960 ab
801 907 833 960 iis
852 907 973 962 omnibus
991 907 1024 960 ad
1041 923 1119 962 usum
1135 904 1267 977 paschatis

99 991 237 1046 ommia
247 991 459 1046 ltsoctaitarides
465 992 721 1062 ahaequeoyclornm
728 993 937 1048 inutilesiormae
943 992 1070 1064 paulatim
1076 993 1268 1046 obsoleverunt.

100 1075 258 1148 Quanquam
274 1077 415 1134 nonnullos
433 1075 620 1132 amoremne
638 1079 798 1149 temporibus
816 1078 1142 1132 octadteridas'retiuuisee
1159 1083 1269 1132 testatur

100 1161 156 1233 ipee
168 1163 214 1218 lib.
225 1163 256 1218 de
265 1163 354 1234 Temp.
364 1163 472 1218 Ratiom
486 1179 541 1235 cap.
551 1181 621 1219 rurs.
639 1163 691 1219 Sed
703 1164 781 1235 pauci
791 1163 829 1218 illi
841 1169 913 1216 erant
925 1170 950 1218 et
962 1163 1074 1218 obscuri.
1093 1161 1268 1228 Quamobrem

99 1249 165 1302 sads
177 1247 299 1322 equidem
310 1249 399 1302 mirari
410 1265 462 1304 non
474 1265 593 1320 possum,
605 1247 779 1320 Epiphauium
789 1247 904 1304 hocloco
917 1249 950 1304 ad
960 1247 1108 1320 paschalem
1117 1248 1268 1307 methodum

99 1333 285 1404 explicandam
306 1334 388 1388 solius
404 1335 566 1390 octaiteridie
582 1335 742 1390 mentionem
758 1335 852 1388 iecisse
869 1351 980 1405 eamque
997 1343 1052 1388 tam
1070 1334 1206 1406 diligenter
1223 1353 1268 1388 err·

100 1419 234 1488 posuisse,
246 1419 321 1490 quasi
331 1419 380 1472 bac
393 1435 445 1474 una
455 1419 617 1490 paschalium
628 1421 825 1474 neomeniarum
837 1419 974 1491 disciplina
985 1421 1168 1476 contineretur.
1199 1420 1267 1476 Nam

99 1503 373 1558 enneadecaeteridem
384 1503 433 1560 hoe
445 1505 503 1560 loco
514 1521 548 1560 ue
559 1506 774 1560 commemoravit
790 1505 907 1576 quidem,
924 1506 1029 1560 tametsi
1044 1505 1187 1560 Nicaeuum
1203 1505 1268 1560 illud

98 1589 232 1644 dccretm
244 1588 275 1642 de
287 1589 440 1646 celebrando
451 1589 573 1662 paschate
585 1595 720 1661 tantopere
730 1591 861 1661 praedicet
876 1595 901 1644 et
917 1591 951 1644 ab
964 1589 1154 1644 haereticorum
1162 1591 1267 1646 inscitie

97 1674 312 1746 impudentisque
329 1675 460 1730 vindicare
481 1676 591 1731 studeat.
626 1677 707 1747 Atqui
724 1675 789 1730 nihil
805 1676 839 1730 ad
855 1675 917 1730 loeti
932 1675 1002 1730 illias
1020 1675 1211 1730 ordinationem
1227 1676 1266 1732 in-

98 1761 202 1830 signius
214 1760 248 1814 ab
260 1760 306 1816 illa
316 1761 416 1831 syuodo
427 1761 573 1832 proiectum
585 1765 636 1826 est,
649 1777 728 1831 qnam
741 1761 810 1830 quod
822 1777 869 1815 rrx
878 1777 1007 1814 mnorum
1019 1761 1116 1816 cuculo
1125 1761 1265 1816 constituto

98 1844 238 1900 dhsidium
249 1861 327 1902 omne
338 1847 457 1910 sustulit;
469 1847 539 1916 quod
549 1845 590 1900 his
603 1845 687 1900 serbis
699 1852 810 1900 testatur
820 1846 988 1902 Ambrosius:
1012 1846 1085 1900 Inter
1096 1847 1144 1898 illo
1150 1847 1228 1915 fidei,
1239 1855 1269 1898 ut

99 1949 173 1995 cero,
192 1935 232 1986 itu
244 1931 402 1986 admirando
414 1933 531 1996 decreto,
548 1937 624 1984 etium
635 1949 712 2002 nuper
724 1932 870 1986 celebritate
881 1942 1031 1994 memorata,
1050 1935 1212 2000 corcyrepatis
1218 1949 1265 2002 pe·

98 2019 230 2070 waimis
241 2017 403 2082 calculandi,
421 2018 505 2072 decern
517 2027 543 2070 et
558 2035 642 2071 uocem
655 2035 778 2072 nouorum
790 2018 914 2084 colleyere
925 2020 1049 2070 ratmanno
1067 2025 1092 2070 st
1107 2019 1182 2086 maai
1192 2033 1265 2086 quen·

98 2103 157 2154 duas
170 2106 325 2156 coasultum
337 2103 459 2156 circulum
472 2113 518 2156 etc.
551 2101 622 2156 Nihil
635 2108 693 2156 erat
702 2103 783 2173 igitur
794 2101 864 2172 quod
874 2102 979 2156 manem
993 2107 1019 2156 et
1029 2102 1169 2156 absurdam
1181 2101 1265 2156 octab·

98 2187 187 2242 teridia
199 2187 364 2258 perioduma
380 2189 433 2242 situ
448 2194 582 2242 revocaret
596 2186 771 2258 Epiphanius,
788 2185 851 2244 dum
868 2203 1034 2242 communem
1052 2187 1119 2256 cycli
1135 2186 1265 2260 paschaiis

97 2270 250 2326 methodum
266 2279 319 2328 sta
330 2273 463 2328 catholicis
475 2279 606 2346 receptam
617 2273 741 2328 adversus
752 2271 896 2328 haereticos
909 2272 1030 2328 declaret.
1056 2272 1109 2326 Nec
1120 2274 1265 2328 accuratior

99 2365 138 2412 est
149 2357 257 2412 somn,
268 2359 313 2412 lib.
322 2377 368 2414 vn.
382 2375 438 2430 cap.
448 2377 531 2424 rom,
550 2360 594 2429 qui
611 2359 722 2414 eandem
739 2359 921 2414 occulteridem
938 2359 972 2412 ad
987 2355 1118 2430 paschatis
1130 2359 1266 2430 negotium

98 2444 134 2496 sic
147 2443 341 2509 accommodat,
353 2445 429 2514 qussi
440 2446 575 2514 utriusque
587 2443 678 2498 sideris
690 2445 832 2500 ratiociniis
844 2445 976 2500 cumulate
987 2445 1141 2500 sudeiaciat.

164 2528 349 2598 helenupoleos
361 2525 424 2582 κατὰ
436 2529 477 2582 r‘ou
490 2525 603 2600 ὅγδοον.]
637 2529 716 2586 Deest
733 2529 884 2584 octaiteridl
900 2529 1045 2584 secuudum
1061 2529 1162 2584 medios
1177 2535 1265 2584 motus

98 2613 130 2668 ad
140 2613 257 2668 solidum
267 2631 385 2670 mensem
397 2615 580 2686 complendum
597 2615 705 2670 biduom
720 2614 782 2668 lere.
816 2613 883 2668 llam
900 2623 1007 2686 epactae
1024 2615 1086 2670 anui
1103 2613 1266 2668 convisunt

98 2717 193 2756 usur.
211 2699 353 2754 Octaiteria
364 2701 462 2754 lunaris
479 2707 602 2754 accurata
618 2699 718 2754 merum
736 2705 777 2752 est
792 2697 875 2764 2923,
896 2701 933 2752 ll.
950 2696 1002 2753 51'.
1019 2698 1068 2754 boo
1086 2705 1126 2754 est
1141 2697 1265 2752 horarum

95 2785 150 2839 lere
162 2802 210 2850 mr,
223 2791 252 2838 ut
263 2786 302 2839 ait
310 2785 445 2840 Geminus.
463 2785 554 2856 ltaque
564 2785 651 2838 minor
663 2791 703 2838 est
714 2785 851 2838 comiteris
862 2782 1001 2854 Epiphanii
1012 2783 1097 2838 lunari
1109 2783 1263 2838 octaitaride

97 2869 238 2942 mquidie.
273 2869 306 2924 Et
317 2876 404 2925 tamen
416 2872 601 2942 praecipitatur
612 2869 794 2936 embolismus,
806 2869 876 2940 quod
888 2870 1024 2924 minimum
1036 2869 1105 2924 absit
1115 2869 1148 2922 ab
1160 2869 1263 2940 integra

96 2957 216 3028 syrpgis,
240 2954 314 3020 Quod
325 2957 404 3012 efiam
417 2957 443 3010 iu
455 2955 700 3012 enneadecaeteride
712 2961 837 3010 serretur.
865 2953 932 3010 Nasu
944 2955 1114 3008 embolismus
1124 2956 1216 3008 tertius
1228 2953 1261 3008 ab

97 3041 282 3096 Alexandrinis
294 3047 320 3094 et
330 3041 444 3107 namu,
456 3049 483 3094 et
493 3041 521 3094 in
533 3041 604 3096 omui
615 3041 679 3094 adeo
692 3041 777 3110 cyclo,
790 3047 882 3094 octauo
894 3057 962 3094 auno
975 3041 1124 3094 collocatur.
1156 3039 1262 3106 Octavo,

97 3128 221 3198 iuquam,
238 3144 290 3180 nou
307 3145 389 3192 nono;
407 3127 457 3182 etsi
474 3127 632 3180 contrarium
648 3124 825 3180 mathematici
840 3126 946 3197 quidam
963 3125 1131 3180 eruditissimi
1145 3141 1176 3180 ac
1192 3142 1262 3182 com·
1288 3131 1363 3186 rasa

96 3221 221 3282 potorum
232 3212 368 3283 scriptores
381 3217 507 3266 asserant.
538 3209 612 3275 Quod
623 3210 747 3264 maerens
759 3211 817 3266 illos
831 3213 942 3266 breviter
953 3209 1002 3265 boo
1014 3213 1071 3266 loeo
1083 3211 1261 3266 demonstran·

97 3298 160 3352 dum
171 3303 221 3352 est.

579 3369 781 3380 ...ι-..-

314 3501 493 3558 scabinum
509 3501 756 3556 HALLUCINATIO
774 3501 817 3556 ΕΤ
835 3501 1046 3556 ΑΝΤΙΜΑΟΗΙΔ
1288 3523 1309 3562 1³·
1318 3511 1361 3552 tta.

229 3587 273 3642 llll
289 3586 772 3642 sussauasoauuuctutuauum
789 3587 897 3641 CYGLO
915 3587 1132 3643 unumunurn.

165 3725 196 3780 ln
208 3725 356 3796 primordiis
368 3725 493 3780 ecclesiae
505 3726 554 3794 leit
564 3724 692 3795 Scaliger)
704 3730 761 3780 tum
772 3725 897 3796 apostoli,
913 3730 969 3780 tum
986 3725 1031 3794 qui
1043 3741 1088 3778 eos
1100 3731 1204 3780 contum
1216 3742 1262 3780 au-

95 3813 138 3866 nis
150 3819 244 3882 postea
254 3811 337 3864 menti
347 3816 420 3877 aunt,
431 3810 529 3882 pascha
539 3827 642 3881 semper
653 3809 757 3864 ludaico
769 3811 941 3876 celebrarunt,
954 3816 984 3864 ut
995 3815 1123 3864 testantur
1134 3811 1261 3866 Eusebius

94 3904 121 3950 et
132 3895 245 3950 historia
256 3901 331 3950 setus
343 3895 532 3960 ecclesiastica,
549 3903 646 3966 etpost
657 3913 747 3950 omnes
758 3893 927 3965 Nicephorus.
956 3895 1008 3948 Sed
1018 3895 1068 3950 sub
1080 3895 1223 3950 Commodo
1234 3897 1262 3962 ii,

94 3984 142 4054 qni
152 3981 259 4035 iudaice
270 3979 368 4052 pascha
379 3981 557 4048 celebrabant,
569 3981 686 4034 damnati
697 3987 758 4034 sunt
766 3979 902 4034 haereseos
912 3981 1037 4034 al'ictoce
1046 3981 1120 4034 lium.
1129 3981 1260 4052 pontifice.

93 4069 167 4122 llaec
184 4067 237 4121 ille.
271 4066 343 4132 Quae
361 4066 465 4136 quidem
481 4068 512 4120 de
528 4065 592 4120 eolis
604 4067 723 4120 Asiaticis
736 4064 901 4130 Christianis,
918 4066 960 4118 uel
974 4066 1005 4119 de
1016 4065 1114 4120 loanne
1126 4067 1182 4120 solo
1194 4066 1262 4122 dicta

94 4169 155 4206 esee
166 4159 309 4222 nequeunt.
330 4151 397 4205 Nam
409 4167 463 4204 non
475 4152 560 4205 solnm
572 4152 662 4222 primis
675 4158 779 4204 centum
791 4152 875 4218 annin
887 4151 933 4204 sed
945 4157 971 4204 et
982 4151 1092 4216 duobus,
1103 4151 1261 4222 pluribusve,

93 4255 157 4292 cum
169 4237 286 4290 maxime
298 4237 368 4308 apud
379 4237 517 4303 Asiaticos,
529 4237 631 4290 ludaico
643 4235 740 4307 pascha
750 4243 883 4308 peractum
895 4253 960 4302 esse,
972 4253 1059 4300 nemo,
1070 4235 1115 4305 qui
1126 4233 1262 4292 historiam

91 4324 203 4394 legerit,
214 4324 328 4393 ignorat.
360 4321 445 4386 Quare
457 4323 490 4376 ad
501 4323 633 4393 apostolos
646 4337 737 4376 omnes
749 4337 892 4392 omnesque
904 4319 1064 4376 Christianos
1076 4321 1206 4376 sententia
1215 4324 1262 4376 illa

94 4409 219 4480 pertinet,
237 4423 303 4477 quoe
321 4415 425 4462 centurn
442 4415 503 4478 post
518 4413 630 4462 mortem
644 4407 821 4478 apostolorum
838 4408 913 4460 annis
931 4406 1261 4462 tessarescaedecatitarum

93 4509 169 4548 more
181 4491 305 4564 paschae
317 4493 421 4548 iunctos
433 4509 490 4546 esee
502 4491 600 4546 definit.
619 4491 727 4556 Quodsi
739 4509 827 4546 serum
839 4499 892 4558 est,
904 4493 928 4546 si
939 4509 991 4546 non
1003 4493 1086 4546 maior
1097 4509 1157 4564 pars
1168 4494 1261 4546 saltem

93 4579 300 4650 apostolicarum
312 4577 479 4634 ecclesiarum
491 4577 565 4632 aliter
576 4591 656 4648 quam
664 4577 768 4636 ludaico
779 4595 852 4632 more
862 4577 961 4652 pascha
972 4577 1117 4646 celebrarit,
1129 4579 1261 4632 celebran-
