3186 5042
416 311 577 366 acnrrrsn
596 312 637 366 su
656 313 727 364 sno.
747 309 872 364 ramiro.
940 265 945 280 ¹
1181 297 1221 361 63

69 426 201 500 οῦιιέτι]
228 431 305 482 ίλεοεο
328 431 364 483 ita
385 433 518 496 Βολλιτιιος
543 427 591 486 οῦκ
616 430 654 486 ἐτι
673 434 881 496 Οοοιίιιμιίιιε.-
923 428 1120 494 τουτέστιν]
1146 429 1224 480 neers

68 518 100 568 ita
113 518 232 568 delibem
239 533 248 580 ς
274 516 389 570 τουτέστι
415 521 574 582 combefisius.
591 547 623 558 -
666 513 796 583 Ὀρθῶς
819 515 940 583 λέγων]
968 516 1038 566 Haec
1058 514 1133 566 verba
1156 511 1223 580 apud

67 604 194 654 means
218 601 334 671 Apostoli
355 601 454 664 verbis,
479 602 547 654 uuila
566 601 664 654 adiecta
684 601 902 670 interpunctione,
929 609 1102 651 annectuntur.
1136 598 1224 662 Recte,

68 685 185 755 siqnidem
203 685 237 737 sd
252 686 383 739 subaudita
397 687 474 738 rerba
491 684 505 741 o'
522 683 665 748 α’πόστολές
680 703 758 755 φησιν
776 687 925 739 referuntur.
945 715 974 726 ·-
1011 685 1046 739 ἐν
1071 690 1147 745 τοῖς
1163 683 1180 737 ἐ
1186 702 1223 750 μ-

68 773 215 839 προσθιν
241 770 283 833 οῦς
310 770 521 840 ὅριζὸμεθα]
548 768 586 834 οἷς
601 771 627 826 ἐν
643 779 696 834 τοῖς
711 771 851 840 ἐμπροσθιν
866 764 1053 838 διωριζόμεθα,
1077 767 1224 838 quaiule·

68 857 149 910 ctione
164 857 325 926 praemissum
342 853 379 918 οῦς
392 857 527 926 ιλίορίίαεες
553 875 608 908 nam
624 859 754 910 distinctius
770 855 1005 924 transpositionibus
1022 855 1111 906 rnirum
1128 854 1153 904 in
1170 869 1224 905 nro·

67 944 121 996 duur
133 943 255 1012 indulget.
290 943 390 1012 Optime
407 959 467 994 vero
480 942 661 1010 διωριζόμεθα,
679 941 747 1012 quod
761 943 827 1012 apud
846 945 1005 1006 Epr'pbunr'usn
1022 956 1165 1008 repone—
1182 937 1225 992 Et

68 1029 121 1082 sui
148 1026 308 1084 attribui
410 1026 468 1081 ἐπί
492 1027 610 1095 τέλος]
646 1029 810 1080 Haenomnia
833 1027 930 1079 omissa.
966 1029 1010 1077 Est
1026 1035 1109 1076 autern
1126 1035 1185 1078 aute
1201 1021 1224 1077 εί

69 1114 167 1182 virgula.
183 1131 234 1166 nun
249 1123 344 1183 puncto
360 1113 570 1180 distinguendum.
590 1115 639 1166 Pro
651 1111 888 1168 nundentonam
902 1112 1034 1179 legendum
1045 1111 1182 1166 διανεῦσαι
1191 1137 1224 1150 -

68 1194 200 1253 Οῦιιοῦν
224 1197 416 1268 ἐλέγομεν]
435 1199 520 1262 Haec,
540 1207 567 1249 nt
583 1197 695 1266 proxima
713 1198 736 1251 εί
753 1195 939 1264 μνημονεύετε,
956 1200 1052 1250 Pbots'us
1066 1195 1164 1264 omisit,
1183 1197 1225 1264 qui

68 1285 139 1334 rerba
162 1279 207 1351 ἀφ’
233 1275 265 1337 οῦ
286 1294 334 1336 oet.
352 1283 501 1352 antegressis
522 1279 623 1338 Οῦιιοῦν
641 1280 1005 1351 ...διωριζόμεθαοοοοιίι
1023 1311 1055 1322 -
1089 1275 1221 1348 Obrue]

68 1363 138 1423 οῦτοι.
175 1369 225 1420 Sed
241 1363 323 1430 οῦτως
341 1379 400 1422 sute
423 1386 558 1422 nnusouuur
575 1369 642 1437 apud
659 1370 802 1421 nouantur
823 1369 940 1436 frequens
963 1379 1008 1420 ast.
1045 1367 1119 1419 cont.
1137 1378 1224 1418 annot.

68 1453 362 1522 superintonet·
396 1455 540 1523 repeirri]
568 1454 748 1504 ominan-
786 1454 1223 1522 apaustepwpanenpus:

69 1541 235 1606 σφαδαῐσμοῦν
252 1539 310 1591 nod.
323 1543 352 1590 Α.
369 1540 435 1608 epod
453 1543 596 1603 bobinum,
613 1539 747 1602 mendose,
765 1549 792 1590 ut
807 1539 875 1607 apud
889 1541 1058 1602 Epiphaniam,
1074 1555 1148 1606 quern
1165 1554 1224 1588 cos·

72 1625 137 1690 rige,
164 1625 255 1676 coliata
267 1623 430 1676 annotatione
448 1626 473 1676 iu
491 1629 569 1676 Είίοον
584 1628 646 1675 diet.
666 1626 776 1678 ουλίίιί
792 1625 843 1692 (4).
861 1651 896 1664 ···-
928 1623 1160 1693 πολῦπλοκος]
1177 1639 1223 1676 πο·

70 1706 185 1776 λῦτροπος
210 1712 308 1761 Pbutius
328 1727 352 1776 p.
370 1713 428 1762 896.
443 1716 501 1761 nl.
533 1712 573 1762 Tu
589 1709 647 1760 ride
663 1709 831 1760 animadvers.
849 1709 874 1760 in
893 1713 919 1760 S.
937 1713 1010 1762 Booti.
1029 1712 1045 1760 Ι.
1071 1728 1096 1776 p.
1115 1714 1173 1761 tat.
1192 1735 1224 1748 «-

70 1791 287 1861 ἐνέπνευσεν]
317 1793 490 1864 ἐνεφύσησεν,
516 1795 585 1864 qnod
611 1811 661 1846 non
686 1795 853 1862 praetulerim.
897 1793 953 1844 Viri.
971 1805 1057 1845 annot.
1074 1794 1107 1846 ad
1132 1814 1157 1862 p.
1173 1798 1223 1844 tut

71 1881 200 1948 (588).-
236 1877 729 1952 βραχυπορησάντων...το“ν
753 1876 894 1948 aristion]
914 1880 1071 1934 Ominu-
1112 1873 1222 1945 εῦρα·

70 1968 112 2031 το]
131 1962 268 2032 ἀνεύρατο,
287 1966 354 2034 quod
372 1976 491 2034 praestat.
509 1993 540 2004 —
574 1959 771 2034 τῦ·α’γαθο’ν]
788 1963 832 2020 τὸν
847 1960 945 2032 ἀγαθὸν
964 1969 1113 2029 emutatus
1128 1983 1152 2032 p.
1165 1969 1224 2015 ⁴188.

71 2066 155 2118 operas
172 2051 347 2120 typogrspbini
363 2067 463 2112 errore,
490 2061 517 2100 ut
533 2050 637 2101 ridetur.
658 2079 687 2090 -
724 2044 808 2117 ἤδη]
828 2051 961 2110 omissum
987 2069 1017 2102 uo
1042 2049 1150 2101 ridetur*
1163 2067 1223 2100 sane

71 2134 127 2186 baso
141 2151 191 2187 vox
207 2136 286 2203 nangis
303 2151 333 2186 sn
351 2135 471 2186 mendose
487 2136 601 2204 repetitis
620 2135 737 2205 proximis
753 2127 788 2201 ἧς
805 2133 841 2202 δι]
859 2147 924 2196 urta,
943 2152 1016 2204 quarn
1031 2134 1120 2186 iisdem
1137 2135 1223 2186 hausta

72 2237 125 2271 m·
143 2249 175 2260 ι-

134 2307 224 2358 mu
241 2307 327 2374 (587).
364 2305 611 2376 βλαστήματα]
639 2310 676 2358 its
701 2309 854 2371 Combrfirtus
876 2317 903 2356 et
923 2309 1058 2372 Βιλληιιις
1089 2303 1226 2377 βλάστημα

73 2391 146 2459 vulgo.
164 2421 198 2432 -
241 2391 300 2444 καί
326 2391 467 2460 πλεῦνες]
494 2392 597 2442 Omissa.
617 2421 647 2432 ·-
684 2395 710 2444 P.
724 2397 773 2443 344
788 2392 873 2460 (ῠῦδ).
899 2387 1038 2458 ῦμέν-
1056 2389 1224 2447 συνιστά-

73 2493 165 2540 μενος
181 2505 231 2535 -.
250 2473 264 2530 ὁ
281 2475 317 2530 bi
333 2479 378 2546 -]
396 2473 425 2531 ri
444 2475 530 2543 μίν-
548 2475 784 2545 συνιστάμενα--ς
801 2474 830 2530 τέ
847 2475 915 2532 oi-
928 2476 1072 2544 speciosius,
1090 2495 1163 2546 quam
1177 2494 1224 2528 ss·

72 2561 170 2614 riua-
205 2559 491 2629 ἐνθωπευοῦσης]
519 2559 736 2631 ἐμφωλευοῦσης,
765 2563 875 2629 optimu
900 2562 950 2612 vid.
971 2572 1058 2614 suunt.
1082 2562 1114 2613 ad
1131 2580 1155 2630 p.
1173 2565 1223 2613 490

74 2647 150 2714 (Mt).
167 2673 201 2686 ·-
235 2645 410 2715 durantur]
438 2650 474 2698 itu
497 2651 594 2700 Pbotr'us
617 2663 730 2716 quoqus3
761 2646 807 2698 sed
832 2645 958 2706 ἐπιπνοίας
982 2651 1089 2712 Sonttpsr
1114 2647 1224 2716 perbene

73 2732 177 2783 nurieeit.
213 2733 288 2783 conf.
306 2749 331 2800 p.
346 2737 395 2782 342
414 2733 490 2801 (68⁷)
507 2732 684 2800 πληρωθέντες
700 2769 707 2783 .
721 2765 747 2780 ··
767 2729 902 2798 ἐπιθυμίας
926 2728 1033 2798 ῦλυιῆς,
1057 2725 1090 2799 iis
1112 2728 1127 2786 α’
1145 2730 1223 2786 πολῦ·

73 2819 153 2878 πίστιος
169 2816 380 2872 ἐνέπνευσεν
405 2817 442 2878 είς
465 2813 537 2885 ημᾶς
556 2811 622 2884 ὄφις.
640 2833 702 2884 quae
720 2815 802 2867 verbis
823 2812 859 2876 ιῦς
878 2815 942 2884 ἐφην
962 2828 1049 2868 nostro
1065 2818 1123 2868 ioco
1138 2819 1222 2885 respi-

75 2901 167 2954 n'uutur.
204 2902 277 2954 Adde
294 2921 318 2970 p.
334 2907 382 2954 344
399 2904 475 2970 (688)
496 2897 510 2958 d
532 2901 626 2966 ἐξωθιν
650 2897 793 2962 είςπνεό
804 2919 902 2968 μενος
920 2897 969 2956 stet
989 2905 1033 2956 τοῦ
1053 2905 1160 2970 πονηροῦ
1177 2900 1223 2957 νό-

75 3003 120 3050 μος.
151 2987 282 3040 Notandus
302 2999 385 3040 sutem
403 2998 441 3040 est
457 2987 504 3038 iste
521 2987 640 3056 loquendi
658 3005 727 3049 usus,
755 3003 910 3055 quomens,
939 2987 999 3038 alius
1024 2987 1137 3040 afflatum
1154 2989 1222 3040 divi-

75 3087 124 3122 unrn
140 3071 293 3125 declarantes
312 3073 375 3142 (vid.
390 3073 462 3124 basii.
481 3073 572 3124 Pintin.
590 3089 615 3142 p.
628 3073 692 3141 80),
715 3072 747 3124 de
762 3072 856 3124 diaboli
871 3072 1004 3125 incentivis
1019 3083 1178 3142 usurpantur.
1188 3101 1222 3116 -·

76 3154 235 3226 ἐγενήθη]
264 3160 389 3226 συνίστη,
422 3159 525 3228 putide,
559 3168 665 3234 propter
688 3175 858 3227 praegressum
881 3159 1064 3227 συνιστάμενος
1086 3187 1120 3198 -
1162 3159 1223 3212 καί

75 3238 378 3312 ἐπανορθούμενον]
398 3245 535 3304 omissum
552 3244 598 3296 sed
614 3243 814 3310 ἐπανορθοῦσθαι
831 3244 904 3294 etiunr
920 3244 953 3295 de
968 3245 1078 3296 moribus
1093 3244 1223 3312 corrigen-

76 3325 318 3396 dirasurprrisolet.
339 3359 369 3370 -
405 3329 443 3399 τῇ
470 3329 666 3399 νομοθεσίᾳ
691 3329 750 3384 τοῦ
776 3329 923 3399 θεοῦ1τῇ
946 3328 1005 3396 μέν
1022 3329 1160 3400 νομοθεσίᾳ
1176 3329 1221 3384 τοῦ

77 3409 135 3478 θεοῦ
150 3426 219 3466 reate
231 3425 257 3466 et
270 3425 436 3482 congruenter
451 3415 583 3482 proximis:
601 3416 635 3484 τῇ
651 3415 686 3470 δὲ
699 3414 836 3484 νομοθεσίᾳ
849 3415 893 3469 τοῦ
907 3413 1033 3484 διαβόλου.
1053 3444 1081 3456 -
1108 3412 1179 3482 u‘pn
1188 3432 1222 3482 ρ·

76 3496 153 3567 τίαν]
180 3497 323 3568 ἐπιθυμίαν.
356 3502 397 3551 Tu
421 3500 526 3561 confer,
552 3517 615 3568 qnae
635 3512 693 3568 post
715 3500 790 3570 panio
814 3511 964 3571 sequuntur:
995 3499 1078 3568 ἐτερσν
1093 3498 1137 3554 τέν
1154 3497 1220 3555 asset

75 3577 112 3648 uir
125 3581 295 3650 ιίμαρτίαν
313 3585 343 3639 ἐκ
359 3587 409 3652 τῆς
425 3583 561 3653 ἐπιθυμίας
578 3583 780 3654 ἐνσκιρῥιέσαντα
797 3584 823 3640 ἐν
840 3587 873 3656 τῇ
893 3585 977 3654 σαρκί,
997 3579 1025 3642 ἐν
1044 3583 1222 3653 ἅμαρτίας

76 3664 164 3732 νόμον
181 3669 299 3724 οἰκοῦντα
316 3669 342 3725 ἐν
356 3676 409 3731 τοῖς
426 3669 526 3736 μέλεοιν
541 3667 676 3730 ἐκάλεσεν,
695 3671 809 3722 nimirum
823 3672 959 3740 Apostolus
975 3673 1044 3722 Rom.
1061 3671 1117 3722 vlt.
1128 3675 1168 3722 1⁷.
1178 3674 1220 3722 2³.

76 3752 135 3803 bdde
148 3772 173 3822 p.
185 3759 244 3805 346.
265 3773 332 3824 supr.
349 3756 434 3822 (⁶88).
459 3783 485 3796 -
519 3755 637 3824 νόμος]
656 3757 792 3816 Οοιίοουοοι
810 3757 879 3825 atqui
898 3757 955 3808 ride
973 3757 1042 3809 Rom.
1057 3758 1111 3806 VH.
1129 3761 1170 3807 2³.
1189 3783 1221 3796 -

77 3830 130 3890 iis
151 3840 190 3908 τῇ
214 3839 390 3910 ἐπιθυμίᾳ
416 3841 475 3894 τοῦ
504 3838 594 3910 νοῦς]
613 3838 712 3912 πίονι-ρ]
738 3840 802 3909 πρὸς
824 3840 853 3896 τέ
874 3837 971 3910 ἀγαθόν
993 3839 1062 3911 ὁρμῇ
1086 3842 1131 3895 τοῦ
1155 3839 1220 3904 νοῦς,

77 3935 128 3986 quse
143 3925 174 3976 sd
190 3943 334 3993 praegressa
356 3927 394 3995 τῷ
418 3925 553 3996 uipsproti
572 3927 806 3994 tranferentur,
832 3945 906 3995 quum
931 3927 998 3996 rulg.
1022 3926 1145 3994 scriptura
1163 3921 1178 3980 α’
1195 3925 1221 3980 ἐν

78 4005 231 4081 η’]ἐπιθυμίᾳ
246 4011 291 4064 τοῦ
309 4009 365 4071 roda
378 4012 411 4062 ad
429 4013 557 4081 superiora
576 4009 591 4065 ο*
606 4010 654 4080 γὰρ
670 4011 746 4080 νόμος
762 4023 810 4064 cet.
826 4023 930 4080 spectet.
966 4012 1015 4062 sert
1038 4011 1160 4079 ἐπιθυμία
1175 4013 1220 4066 τοῦ

77 4087 213 4152 νοέςνοαοω
228 4096 309 4163 ipsum
327 4108 438 4165 pugnat,
468 4098 585 4166 quoniam
604 4095 767 4162 ὁνέμοςτοῦ
785 4098 865 4164 θεοῦ,
890 4115 940 4148 nnn
958 4096 1094 4165 ἐπιθυμία,
1120 4109 1159 4150 est
1175 4097 1219 4152 toti

78 4174 129 4237 νεὸς.
160 4183 246 4252 ltaque
259 4183 381 4249 scripturn
399 4183 519 4236 Photinus
534 4185 650 4234 Metuonis
666 4183 819 4233 restituenda
835 4194 879 4233 est.
915 4182 1046 4249 vulgatam
1063 4183 1094 4234 ab
1112 4184 1221 4253 Antipe-

77 4258 161 4329 ltgieoo
176 4267 299 4334 genuinae
315 4268 474 4320 substitutam
491 4268 569 4319 fuisse
589 4267 710 4336 suspicor.
727 4295 757 4306 -
793 4258 896 4328 οῦτῦς
922 4267 1026 4337 ἐστιν]
1051 4261 1220 4329 adficiatur.

78 4345 155 4400 Verum
171 4343 256 4414 οὗτος,
278 4369 328 4402 non
346 4346 438 4413 αῦτός,
466 4369 521 4404 uum
543 4351 612 4406 ἐστίν
628 4364 654 4404 et
677 4351 808 4420 participio
827 4362 884 4420 post
898 4353 1036 4404 subiectum
1053 4353 1115 4418 (hoo
1130 4349 1220 4408 locod
1301 4333 1306 4350 ι

79 4429 222 4502 νέμος]οοοι
238 4437 263 4488 ri
280 4437 453 4489 iuierrisoiet.
473 4467 501 4476 -
538 4435 810 4492 παντάπασι...
829 4436 1006 4508 ίλντικές]
1024 4437 1135 4501 Omissa,
1158 4440 1219 4492 ora·

80 4515 151 4570 tiata
163 4523 249 4589 gratis.
266 4549 299 4562 -
333 4517 533 4590 αὐαφανοέν
551 4519 565 4577 d
583 4521 733 4590 Παῦλος]
753 4520 766 4578 o*
787 4521 892 4585 Παῦλος
905 4519 1055 4594 ἐναφανοόν,
1072 4523 1220 4577 traieetinns
