3104 5038
290 243 401 299 count

290 429 411 488 Justiuua
428 436 503 486 caute
515 433 654 504 legendus,
673 449 731 488 curn
751 433 782 488 de
800 435 844 488 lrl·

323 517 404 570 nitate
421 516 490 571 idem
503 534 580 588 prope
592 535 652 572 curn
663 519 767 574 Arianis
785 535 845 573 een·

323 603 372 654 u'at
786 603 844 658 285.

289 687 409 742 lustinus
427 688 530 758 quondo
548 690 641 742 sineru
661 697 688 742 st
705 691 847 760 Apologias

324 773 455 842 scripserit
471 775 552 844 longa
569 782 596 828 et
612 783 733 830 accurata
750 775 847 845 disqui-

325 858 385 911 sitio
752 859 793 914 82.
805 859 846 913 83.

291 1113 377 1183 Καββᾶ
394 1116 456 1186 quid
468 1117 593 1172 Hebraico
611 1124 637 1170 et
648 1117 755 1186 Syrisce
767 1118 847 1186 signi·

324 1203 386 1258 ficet
801 1202 844 1257 46.

292 1287 442 1349 leucaten<
455 1289 517 1359 quid
532 1289 567 1342 eit
578 1290 737 1359 amplissima
749 1289 843 1358 disqui·

326 1374 387 1426 sitio
804 1373 845 1428 78.

291 1458 394 1529 llspleri
420 1459 557 1530 descriptio
580 1462 645 1530 cycli
680 1477 731 1530 quo
755 1459 848 1512 Jndeei

327 1545 467 1598 eicientur
487 1546 542 1599 160.
565 1553 661 1616 etque
683 1547 711 1600 in
733 1546 789 1615 ejus
808 1545 850 1598 de·

325 1631 464 1701 scriptione
478 1631 568 1684 minus
585 1632 704 1701 placeant
795 1630 850 1702 llil.

292 1714 428 1785 Kippurim
439 1715 536 1770 iustum
549 1717 729 1786 expiationum
747 1715 851 1786 quando

326 1801 504 1854 celebrabatur
522 1801 652 1855 aludaeis
810 1799 851 1853 26.

297 1884 382 1938 louet
399 1887 462 1957 quid
478 1887 513 1940 eit
530 1888 622 1956 lingua
639 1888 767 1942 Hebraico
812 1886 854 1939 45.
905 1887 908 1894 '

550 2045 582 2106 t.

292 2139 378 2194 Labor
396 2147 423 2192 et
440 2139 569 2196 Laberum
828 2143 854 2209 5,

292 2225 577 2280 Laodieeeentioctiee
585 2244 632 2282 cnr
641 2229 784 2298 appelletur
796 2228 854 2282 306.

294 2311 379 2364 Laura
398 2327 443 2381 pro
461 2311 535 2364 labra
546 2313 686 2382 legendum
703 2314 731 2368 in
743 2314 853 2385 Epipha-

327 2397 371 2450 nio
390 2403 417 2449 et
434 2397 496 2466 qnid
513 2401 548 2452 sit
564 2397 649 2452 Laura
726 2399 783 2454 28⁸2.
796 2399 853 2452 283.

294 2481 461 2536 Latorculum
483 2483 689 2549 noviluniornm,
717 2501 747 2538 ac
774 2486 854 2554 pleni·

328 2569 460 2622 iuniorum
479 2576 528 2621 etc.
799 2571 852 2624 149.

295 2653 460 2707 laterculum
475 2654 686 2710 descendentium
698 2656 786 2709 aLevi
796 2655 853 2710 218.

293 2738 459 2794 Latercnlum
486 2741 617 2794 mensium
647 2741 789 2794 Atticorum
817 2757 850 2794 ex

329 2824 400 2878 Gaea
420 2825 588 2894 etScaligero
798 2825 851 2880 135.

294 2909 460 2964 laterculum
484 2911 614 2964 mensium
631 2910 851 2966 Antiochenorum

327 2996 383 3072 eius
400 2994 575 3065 Συροιλλήνων
795 2996 851 3052 132.

294 3079 449 3151 legisperiti
466 3081 511 3151 qui
522 3081 590 3151 apud
601 3081 617 3134 J
620 3081 715 3136 udaeoa
737 3081 851 3136 diceren-

328 3173 370 3218 tur
808 3167 848 3220 29.

293 3251 386 3322 Leptae
409 3251 530 3320 geminae
552 3253 580 3304 in
605 3252 692 3306 Atrion
713 3261 738 3307 et
760 3269 850 3307 earum

328 3337 459 3391 distinctio
791 3339 850 3392 uti.

294 3423 400 3477 Levitae
417 3421 575 3476 decimarum
593 3423 705 3478 decimes
722 3425 851 3494 persolve·

330 3509 392 3560 baut
809 3507 850 3562 33.

294 3593 391 3647 Liberti
408 3593 528 3662 purgatio
547 3609 599 3663 qua
616 3594 760 3650 ostenditur
777 3593 851 3649 illum

328 3695 381 3732 non
391 3679 575 3747 subscripsisse
585 3679 721 3733 Athanosii
729 3680 850 3734 condem·

328 3764 429 3817 nationi
445 3780 530 3834 neque
553 3780 611 3817 cnm
629 3763 762 3819 Plotianis
781 3782 851 3820 com·

328 3851 477 3904 municasee
791 3850 849 3904 316.

293 3925 431 3989 Librorum
455 3951 587 3989 sacrorum
611 3937 713 4007 partitio
737 3952 770 3988 ox
793 3935 851 4006 lipi-

328 4020 424 4088 phanio
808 4021 850 4076 54.

294 4103 432 4160 Librorum
444 4122 568 4160 numerus
581 4106 649 4176 apud
660 4106 677 4159 J
680 4105 774 4160 udacos
787 4124 850 4176 quo-

330 4192 407 4246 modo
424 4199 586 4262 computetur
812 4191 850 4245 18.

295 4275 455 4346 linguarum
481 4277 613 4330 distinctio
635 4279 661 4330 iu
685 4279 851 4347 septuaginta

331 4360 395 4413 duas
413 4369 438 4414 et
456 4363 523 4415 unde

296 4443 355 4498 Lini
373 4451 399 4497 et
411 4447 475 4498 Gleti
488 4446 556 4500 Petri
572 4463 753 4503 successorum
771 4447 849 4504 histu-

331 4529 382 4590 ria,
413 4539 437 4582 et
462 4533 636 4586 controversia
663 4533 732 4586 circa
758 4549 849 4587 eorum

930 421 1119 474 successionem
1128 421 1313 492 dirernptal'l.¹
1326 422 1450 480 wexiuda

930 507 1101 559 dinumeratio
1115 508 1266 576 pontificum
1277 507 1450 562 Romanorum

931 591 1040 646 aPotro
1412 593 1451 646 48.

898 675 981 730 Lucae
999 693 1032 730 au
1052 677 1217 748 evangeliun
1235 679 1263 732 in
1280 677 1367 732 Gellia
1384 694 1449 750 prae·

932 763 1056 816 dicaverit
1414 765 1453 819 90.

899 847 983 902 leucae
1002 849 1166 917 stengelium
1192 857 1255 920 quot
1271 865 1401 904 mnorum
1418 849 1453 904 lui·

933 937 1040 990 storiam
1059 935 1191 1004 scripserit
1414 935 1454 990 88.

900 1021 931 1075 do
950 1021 1035 1074 Lucae
1054 1022 1113 1074 loeo
1131 1037 1199 1074 nora
1222 1020 1353 1092 quaedem
1370 1024 1455 1093 conje-

933 1115 1006 1160 cture
1024 1108 1176 1178 proponitur
1414 1109 1455 1164 lll.

900 1194 984 1248 lancee
996 1197 1069 1248 locus
1082 1194 1237 1264 expenditur
1248 1194 1280 1248 da
1292 1202 1376 1249 aetate
1385 1196 1456 1250 curi·

932 1283 967 1334 sti
1397 1282 1452 1335 108.

899 1365 1031 1420 Luceruae
1056 1366 1175 1420 ardentes
1200 1368 1227 1422 in
1249 1368 1347 1440 templo
1369 1367 1411 1422 die
1435 1374 1459 1421 et

934 1459 1023 1515 nocte,
1042 1452 1074 1506 ds
1092 1470 1122 1506 oo
1141 1454 1288 1523 disquisitio
1330 1453 1387 1508 tta.
1400 1453 1458 1508 nto.

901 1539 1034 1592 Lunarnm
1060 1555 1091 1592 ac
1113 1539 1236 1592 icriarnm
1262 1547 1317 1592 tum
1340 1557 1459 1593 verarum

937 1641 1015 1694 quam
1043 1625 1194 1679 vitiosarum
1223 1641 1293 1678 enno
1316 1625 1460 1680 dominicae

936 1711 1066 1778 passionis

904 1967 1055 2022 Maccabaei
1078 1984 1112 2022 an
1139 1967 1236 2022 inerint
1262 1969 1313 2022 orti
1335 1985 1369 2022 ex
1392 1969 1463 2022 ttibu

938 2052 1007 2106 luda
1422 2053 1463 2108 50.

905 2139 1045 2208 Magorum
1063 2139 1188 2192 adrentus
1206 2145 1286 2210 quoto
1307 2155 1381 2192 anno
1398 2139 1463 2194 exti-
1542 2163 1543 2216 p

939 2225 999 2278 terit
1017 2233 1075 2295 post
1092 2224 1223 2278 Christum
1240 2231 1332 2279 natum
1423 2225 1463 2278 66.

906 2311 1024 2364 Mambre
1047 2327 1158 2381 quercus
1176 2326 1254 2381 qnam
1272 2309 1385 2366 celebris
1403 2311 1464 2365 olim

938 2397 1016 2450 inerit
1424 2395 1465 2451 tt.

905 2479 1119 2536 Manichaeorum
1137 2482 1211 2551 origo
1233 2487 1260 2534 et
1277 2497 1329 2552 quo
1346 2487 1466 2554 tempure

939 2567 1161 2622 haeretieillorum
1173 2567 1307 2620 emerserit
1318 2565 1379 2622 267.
1392 2577 1465 2622 auto·

938 2669 980 2705 res
1003 2653 1048 2723 qui
1070 2653 1096 2706 iu
1120 2669 1210 2706 eorum
1231 2659 1331 2706 sectam
1354 2654 1466 2724 scripse
1543 2657 1544 2682 l

939 2745 1001 2790 runt
1017 2745 1134 2792 recenset
1152 2737 1330 2792 Theodoratne
1408 2738 1465 2792 268.

903 2823 1002 2876 Manna
1019 2839 1096 2892 quern
1115 2829 1222 2892 gustum
1239 2823 1362 2876 habuerit
1425 2823 1466 2878 59.

904 2909 1019 2963 Marcelli
1043 2906 1167 2962 haeretici
1190 2908 1292 2962 libellus
1315 2907 1347 2961 de
1365 2909 1467 2980 proies·

937 2995 1010 3047 sione
1032 3009 1096 3047 suae
1118 2993 1179 3048 tidei
1197 3001 1223 3046 et
1240 2993 1271 3047 de
1288 3009 1320 3047 ea
1337 2994 1465 3048 iudicium

938 3079 1044 3132 Beronii
1408 3079 1467 3136 304.

905 3165 1019 3219 llarcion
1045 3164 1118 3236 cujas
1140 3165 1218 3220 luerit
1234 3172 1261 3219 et
1277 3181 1311 3220 an
1329 3165 1408 3236 lycus
1426 3169 1467 3221 rel

938 3252 1014 3322 lupus
1032 3258 1140 3306 vocatus
1426 3253 1467 3308 ll.

903 3337 1002 3390 Mariae
1021 3337 1131 3406 virginis
1147 3339 1268 3392 invocato
1281 3339 1390 3392 nomine
1408 3339 1469 3394 dse-

938 3439 1030 3476 mones
1048 3423 1134 3491 iugati
1428 3425 1469 3480 57.

906 3509 1003 3561 lderiae
1022 3509 1131 3578 virginis
1147 3515 1238 3579 partus
1255 3523 1336 3579 quam
1355 3517 1418 3580 apte
1436 3511 1469 3564 ad

938 3594 1080 3663 spiritalem
1098 3593 1230 3648 Ecclesiae
1247 3600 1352 3666 partum
1370 3597 1468 3650 relere-

938 3685 980 3731 tur
1427 3681 1468 3736 59.

902 3763 1128 3818 Mereoeiamrnm
1147 3780 1240 3816 vocum
1256 3779 1324 3834 quae
1336 3765 1468 3820 barbarae

937 3849 1056 3902 videntur
1073 3849 1251 3920 interpretatio
1366 3851 1411 3907 tt
1424 3851 1465 3906 tt.

902 3934 1006 3988 Marcus
1030 3952 1044 3986 e
1068 3935 1235 4004 septuaginta
1258 3934 1370 3990 duorum
1390 3936 1468 3990 disci

936 4021 1055 4090 pulcrum
1073 4036 1182 4074 numero
1200 4019 1250 4073 luit
1426 4021 1469 4076 88.

901 4105 984 4158 Marci
1002 4106 1168 4176 euangelium
1186 4106 1231 4160 nbi
1249 4106 1374 4176 scriptam
1387 4115 1417 4162 et
1434 4123 1468 4162 an

919 4191 991 4244 iussu
1010 4191 1079 4246 Petri
1422 4193 1465 4248 88.

902 4278 1134 4346 Mariandynorum
1150 4279 1223 4349 regio
1241 4278 1287 4332 ubi
1304 4278 1340 4332 alt
1429 4281 1469 4333 70.

789 4365 813 4418 6.
826 4365 850 4419 l.
900 4363 1057 4418 Mamalianl
1084 4365 1179 4434 quibus
1200 4370 1355 4418 vocarentur
1378 4365 1466 4420 nomi·

934 4449 1012 4502 nibus
1030 4449 1089 4504 334.
1101 4449 1197 4520 duplex
1215 4465 1306 4506 eornm
1323 4465 1411 4520 genus
1430 4451 1465 4504 ib.

901 4533 1075 4590 ldethuealem
1100 4541 1164 4605 quot
1179 4552 1263 4591 annos
1280 4537 1396 4596 vixerit,
1422 4537 1463 4594 tt.

1407 1709 1461 1764 173.
1541 1753 1542 1758 ,
