3104 5038
330 291 466 348 GGGXLll

326 463 421 518 Oaculo
454 463 622 518 abstinebant
653 464 742 518 fideles
768 455 883 536 tempore
934 465 1008 520 Pauli
1026 467 1263 538 hliddelhurgenala
1281 467 1378 522 dictum
1395 485 1475 522 memo

355 549 517 620 jejuniorum
823 551 882 606 352.
969 554 1050 606 rabile
1432 553 1475 608 120,

326 631 394 686 ‘lieet
416 635 546 704 quomodo
560 635 628 706 apud
643 636 757 690 Gnaeos
776 653 882 708 usurpo·
933 637 1007 690 Pauli
1026 639 1262 709 Middelburgensis
1281 641 1410 692 somnium
1427 640 1476 705 [111.

359 727 401 773 tur
827 723 883 777 109.
933 723 1006 776 Pauli
1019 725 1255 796 hliddelburgensia
1274 726 1405 778 somnium
1418 726 1475 778 telel-

325 807 418 859 Osaeni
436 813 522 858 utrum
534 805 631 860 inerint
641 807 720 860 iidem
733 807 882 877 quitassent
968 810 1029 863 litur
1433 811 1476 863 tlt.

362 891 395 944 37
415 891 482 944 unde
499 891 561 945 dicti
573 908 606 945 ex
625 893 747 964 opinione
759 893 886 964 Scaligeri
938 893 1024 945 llldera
1035 896 1096 948 item
1110 903 1135 948 et
1148 894 1233 964 βρᾶιες
1246 911 1315 965 qnae
1328 895 1439 950 dicantur
1448 913 1473 948 ex

758 979 800 1033 37.
813 977 883 1034 οι38.
969 979 1073 1033 Polluce
1428 981 1476 1034 925

325 1061 417 1116 Oratio
441 1062 508 1158 diota
533 1078 566 1115 ex
590 1061 644 1114 Ουὰ
673 1079 737 1118 voce
771 1065 884 1118 laetitiae
936 1064 1066 1134 Peregrini
1076 1081 1145 1118 mors
1153 1081 1280 1136 qnoanno
1291 1067 1423 1136 contrgerrt
1433 1065 1476 1118 141

825 1149 883 1203 339.
937 1151 1102 1204 Periodorum
1133 1151 1191 1204 libri
1220 1152 1295 1204 multi
1319 1151 1366 1204 hoo
1387 1153 1478 1205 nomine

969 1236 1109 1307 apocryphi
1444 1237 1477 1290 52.

588 1309 620 1370 P.
933 1321 1024 1374 Patrne
1042 1337 1094 1375 uon
1115 1323 1212 1392 primns
1231 1331 1340 1376 vocatus
1352 1337 1367 1376 a
1378 1323 1476 1383 Christo,

324 1405 434 1458 Pamelii
457 1422 528 1459 error
554 1405 622 1476 apud
645 1406 833 1460 Tertullianum
855 1408 882 1460 in
968 1410 1087 1478 quamvis
1098 1409 1197 1478 primns
1214 1409 1295 1462 luerit
1312 1409 1432 1478 dignitate
1444 1408 1478 1460 91.

356 1491 515 1546 Parascaues
531 1493 743 1563 interpretatione
823 1491 882 1546 358.
932 1493 1070 1548 Pharisaei
1098 1493 1228 1563 quomodo
1250 1495 1334 1546 latum
1355 1502 1381 1546 et
1396 1495 1478 1546 librurn

324 1576 484 1648 Paphnntlos
502 1579 589 1648 plnres
608 1579 664 1648 eJus
676 1578 884 1632 luissenominis
969 1579 1103 1632 arbitrium
1122 1578 1295 1632 admittebant
1443 1577 1476 1630 31.

825 1663 884 1719 275.
935 1663 1067 1718 Pharisaei
1086 1679 1102 1716 a
1119 1681 1182 1717 roos
1194 1663 1290 1716 Phares
1309 1663 1377 1734 quod
1393 1671 1433 1716 est
1448 1679 1480 1714 se·

323 1747 464 1802 Paradinus
483 1749 611 1803 terrestris
629 1750 675 1803 ubi
691 1750 771 1804 tuerit
788 1751 884 1804 consti-
969 1757 1075 1820 paratus
1445 1749 1479 1802 34.

358 1839 428 1887 tutus
823 1835 882 1891 atr.
934 1835 1132 1888 Pharisaeorum
1145 1833 1299 1889 traditiones
1313 1843 1401 1890 contra
1416 1850 1480 1906 prae·

323 1917 423 1973 Pascha
440 1926 515 1972 retus
538 1920 588 1973 luit
609 1925 687 1990 typus
704 1921 821 1991 perpetui
839 1937 880 1975 sa·
966 1929 1070 1992 ceptum
1089 1921 1187 1974 domini
1446 1921 1480 1971 lt).

356 2006 482 2058 crementi
837 2007 879 2062 80,
931 2005 1044 2076 Philippi
1061 2005 1206 2060 tetrarchae
1224 2007 1312 2058 obitus
1431 2003 1477 2057 124.

324 2091 424 2144 Pascha
440 2092 470 2144 14
481 2091 579 2144 mensis
592 2091 679 2144 Martii
693 2107 709 2143 a
726 2091 822 2161 quibus
840 2107 881 2146 ce·
931 2091 1096 2161 Phosphorus
1115 2091 1202 2144 rhetor
1214 2091 1312 2146 latinus
1330 2100 1356 2144 et
1372 2091 1427 2161 ejus
1444 2107 1480 2142 ra·

356 2177 451 2229 lebrari
473 2177 592 2238 solitum,
622 2182 648 2229 et
676 2178 782 2230 omnino
810 2179 881 2232 cirea
966 2178 1035 2229 nitas
1053 2193 1085 2229 ex
1104 2177 1256 2230 'l'ertnliano
1446 2175 1481 2228 69.

357 2261 492 2314 Paeehatis
509 2262 710 2316 celebrationem
734 2265 818 2316 multa
836 2282 882 2318 no·
934 2261 1050 2331 Phryges
1069 2261 1242 2316 a'l'hrncibue
1261 2261 1363 2314 oriundi
1450 2260 1481 2312 ltl.

358 2347 578 2416 tatndigniasima
685 2347 729 2402 85.
748 2348 790 2401 86.
803 2356 828 2402 et
841 2349 882 2404 87.
934 2347 1333 2418 Phylacteriaqoaeineriutea
1348 2347 1481 2400 doctiorum

317 2432 349 2486 'in
361 2432 486 2486 Paeehate
497 2433 650 2487 celebrando
663 2434 711 2488 tria
723 2441 785 2487 aunt
797 2436 884 2488 obser·
964 2450 1048 2486 seusu
1447 2430 1482 2482 32.

356 2517 441 2572 vanda
822 2519 882 2574 292.
934 2517 1098 2572 Poenitentia
1124 2518 1155 2570 lit
1182 2523 1228 2570 aut
1254 2525 1359 2589 propter
1387 2525 1484 2588 peccata

322 2603 454 2658 Paschalie
477 2603 527 2657 diei
550 2604 663 2658 variata
685 2621 731 2676 per
748 2606 882 2659 octaeteri·
967 2605 1101 2673 capitalia,
1119 2613 1164 2656 aut
1178 2604 1407 2674 propterrenalia‚
1424 2617 1484 2670 quae

356 2690 401 2742 des
420 2695 446 2742 et
463 2690 585 2758 syzygias
604 2691 744 2760 exponitur
770 2691 820 2744 297
832 2689 882 2744 298
967 2689 1019 2742 ιίιιι
1037 2695 1147 2758 utraque
1432 2683 1484 2739 238.

322 2773 461 2828 Paeehatis
488 2775 620 2828 contentio
648 2775 716 2845 apud
740 2776 834 2830 Sontes
856 2781 882 2828 et
934 2773 1097 2826 Poenltentia
1132 2775 1217 2842 qualis
1245 2774 1324 2826 luerit
1351 2774 1485 2826 constituta

357 2861 455 2930 Angloa
473 2861 629 2929 grarimima
825 2861 881 2914 194.
969 2859 1079 2911 concilio
1099 2861 1242 2911 Arelatensi
1266 2875 1288 2910 c.
1303 2858 1344 2911 23·
1355 2861 1484 2927 Ancyrauo

322 2945 456 2999 Paeehatis
469 2945 620 3016 depravatio
633 2946 701 3017 apud
720 2945 881 3000 Christianos
967 2959 989 2997 e.
1002 2943 1053 2996 232
1432 2941 1484 2994 282.

357 3031 453 3101 duplex
820 3031 879 3086 803.
932 3029 1096 3083 Paenitentia
1123 3029 1227 3099 publica
1254 3035 1360 3100 propter
1390 3029 1485 3082 occulta

323 3115 424 3170 Pascha
436 3115 491 3169 dies
509 3133 607 3186 magna
619 3116 674 3170 dier
687 3116 755 3170 dieta
773 3123 799 3170 et
815 3123 880 3171 tem·
965 3124 1071 3185 peccata
1090 3115 1245 3185 quibusdam
1265 3115 1389 3185 imposita
1432 3113 1484 3166 246.

356 3217 418 3272 pore
440 3201 557 3271 paschali
579 3203 659 3256 vineti
677 3219 779 3256 carcere
796 3203 880 3257 solve·
931 3199 1095 3254 Poenltentia
1111 3200 1239 3271 luitapud
1256 3202 1377 3270 antiquos
1398 3200 1485 3268 triplex

357 3288 451 3340 bantur
818 3289 877 3342 365.
1366 3289 1374 3306 “
1433 3281 1486 3336 237.

321 3371 450 3426 Paschata
464 3373 514 3425 tria
526 3373 605 3442 juxta
617 3375 791 3426 narrationem
803 3389 881 3428 eran·
932 3371 1203 3441 Poenltentiapoblica
1214 3371 1391 3440 aquibuadam
1402 3385 1486 3439 pecca·

356 3459 509 3528 gelistarom
542 3458 574 3510 ad
597 3457 734 3529 Epiphanii
767 3466 882 3514 mentem
967 3458 1067 3510 toribus
1091 3473 1143 3508 non
1168 3465 1261 3526 sponte
1284 3465 1420 3526 suscepta,
1446 3452 1487 3506 sed

358 3543 555 3597 accommodata
572 3543 640 3608 tot,
658 3544 769 3613 primurn
782 3544 882 3598 Pascha
967 3543 1112 3598 necessario
1125 3549 1229 3610 peraeta
1433 3537 1486 3592 238.
1533 3599 1534 3611 ¹

356 3629 417 3682 ibid.
427 3628 568 3681 seeundum
577 3627 644 3694 939,
655 3629 762 3683 tertium
771 3636 798 3683 et
809 3647 881 3682 ereo-
933 3628 1095 3680 Poenltentla
1107 3629 1213 3697 publica
1223 3643 1276 3679 non
1290 3627 1418 3678 ronleeaio
1431 3625 1487 3676 suh

357 3713 466 3783 ρώιιμον
478 3711 538 3766 ibid.
557 3714 635 3766 trium
647 3713 803 3768 Paschatunr
821 3714 881 3768 cha·
968 3715 1022 3766 lata
1040 3713 1266 3782 Constantinopoli
1431 3707 1487 3762 243.

356 3806 441 3855 racter
818 3800 879 3853 ibid.
932 3799 1110 3854 Poenltentiae
1134 3813 1186 3867 quo
1208 3799 1235 3850 in
1259 3797 1342 3865 gradu
1359 3795 1487 3848 absolutio

322 3885 474 3940 Pastinacae
491 3899 620 3937 venenum
633 3883 725 3938 dicitur
737 3901 794 3938 esse
806 3895 879 3954 prae·
965 3884 1162 3936 sacramentalis
1180 3883 1259 3936 luerit
1276 3899 1401 3936 conoeaea
1424 3879 1488 3940 231,

356 3971 532 4024 santissimnm
837 3970 879 4025 65.
967 3972 993 4022 iu
1004 3970 1080 4022 tertie
1092 3969 1175 4038 gradu
1186 3969 1311 4038 probator
1323 3967 1387 4030 252,
1399 3973 1488 4018 contra

323 4057 425 4120 Patres,
454 4055 524 4128 apud
555 4053 652 4108 interos
675 4054 793 4110 detentos
818 4061 882 4108 eta
966 4071 1018 4108 non
1037 4053 1116 4106 rideri
1432 4049 1488 4104 953.

357 4142 457 4196 Christo
476 4142 599 4194 liberatos
839 4139 882 4194 84.
932 4139 1109 4200 Poenltentiae
1127 4137 1303 4208 capessendae
1321 4137 1386 4190 ritus
1405 4137 1488 4206 qualia
1532 4147 1533 4175 1

324 4225 531 4280 Patrlarcharnm
547 4231 572 4278 et
587 4225 772 4294 Apostolorum
786 4241 881 4278 nornen
965 4226 1043 4278 inerit
1061 4225 1087 4278 in
1106 4225 1184 4276 reteri
1203 4223 1313 4276 ecclesia
1432 4219 1487 4274 289.

357 4323 383 4364 et
404 4311 519 4382 dignitas
547 4310 650 4382 quando
673 4311 784 4381 primum
808 4327 882 4364 esur·
933 4309 1110 4363 Poenltentiae
1136 4318 1211 4362 retus
1238 4309 1264 4361 in
1291 4307 1402 4362 ecclesia
1425 4307 1487 4358 ratio

358 4397 411 4466 pari
422 4397 535 4465 coeperit
838 4395 880 4450 55.
965 4411 1033 4465 quae
1050 4393 1129 4448 tuerit
1357 4391 1417 4445 225.
1429 4389 1486 4443 996.

325 4481 398 4535 Pauli
417 4480 653 4550 hdiddelburgenals
676 4479 788 4549 insignis
806 4481 879 4533 locus
930 4479 1124 4534 Poenltentiarii
1162 4477 1306 4532 sacerdotis
1337 4475 1486 4530 instituendi

822 4565 878 4620 145.
963 4580 1030 4634 qnae
1048 4565 1130 4635 prima
1148 4564 1227 4618 luerlt
1244 4579 1324 4616 cansa
1430 4560 1486 4612 211.
