3166 5044
1204 322 1278 384 XLV

116 482 299 620 ammae
309 481 397 551 fitius,
416 497 523 553 quorem
534 483 805 551 mneortiosraereter.
837 477 895 537 vid
911 477 1022 552 August.
1032 477 1077 538 lte.
1089 495 1107 536 r.
1118 477 1151 536 de
1161 477 1240 552 Nupt.
1250 485 1279 536 et

154 581 234 636 ueup.
246 581 304 637 cap.
316 583 352 621 ιι.

184 649 263 714 ‘iecit
275 645 329 705 odet
340 655 384 705 τοῦ
396 648 507 722 ’incipi
540 651 606 708 Vide
616 651 686 708 mer.
698 669 808 710 surm.

287 805 332 860 ΔΙ)
344 805 518 862 mensem
529 806 639 874 xxix,
657 806 746 872 QUAE
758 807 822 863 nsi
832 805 1096 862 NAZARAEORUM.

184 907 225 964 De
235 907 388 976 Nusreeis,
403 911 445 966 rel
461 909 613 978 Nuarcnis,
633 909 692 964 ride
709 927 776 982 quse
793 910 827 964 ad
842 909 959 964 iudaicus
975 908 1095 964 haereses
1110 912 1182 964 temo
1194 908 1277 982 priore
1303 927 1323 970 c.
1336 917 1367 960 to.

117 993 241 1048 diximus.
275 994 342 1050 Nam
357 996 451 1051 istest
465 995 594 1067 prioribus
610 995 724 1050 diversos
741 996 823 1051 fuisse
837 1013 891 1051 nen
907 995 1046 1050 admodum
1062 994 1202 1068 persuudst
1216 993 1278 1066 irpi-

115 1079 239 1151 phnnins.
272 1080 353 1136 Erunt
368 1082 438 1136 enim
453 1080 590 1148 Nuarsei,
608 1076 651 1152 qni
667 1099 720 1136 enen
734 1085 777 1138 det
785 1085 869 1153 fitium
886 1086 1063 1148 confiterentur
1074 1099 1127 1136 esec
1143 1081 1277 1146 Christum,
1341 1127 1344 1138 .

116 1171 203 1220 osenia
216 1176 298 1220 tomen
309 1171 401 1222 ceteris
412 1169 476 1238 lepis
487 1167 662 1232 observabant,
673 1167 711 1222 uit
721 1169 892 1239 Augustinus.
927 1167 977 1234 Qui
993 1173 1019 1224 et
1032 1166 1156 1222 Motmsei
1170 1167 1278 1222 nenni-

116 1267 178 1306 eum
190 1253 355 1324 stengelium
366 1251 462 1308 habere
473 1269 530 1308 sese
542 1253 706 1323 iaetitsbant,
718 1253 757 1308 uti
768 1258 858 1325 postes
867 1253 972 1308 dicetur.
1006 1252 1045 1308 De
1055 1253 1088 1308 iis
1104 1253 1278 1323 Hieronymus

115 1339 193 1410 epist
206 1339 240 1392 sd
250 1340 365 1410 Auguste
404 1339 484 1411 Usque
496 1339 570 1394 dedic
576 1358 627 1411 per
638 1349 703 1394 totos
714 1343 819 1394 oricnn'e
829 1357 975 1410 synopseos
984 1343 1052 1394 inter
1066 1339 1178 1394 indecor
1188 1339 1277 1392 inere·

114 1429 152 1478 sie
164 1433 203 1478 eet
212 1443 277 1496 qnos
288 1427 384 1480 dicitnr
394 1425 566 1493 Minoeorntn,
578 1435 602 1480 et
613 1445 630 1480 a
641 1425 794 1480 Pdosieoec’e
805 1445 870 1480 nnnc
881 1443 957 1497 neque
969 1427 1114 1492 damnatur,
1133 1441 1193 1494 quos
1203 1426 1278 1494 oeteo

115 1510 273 1565 Nazaraeos
284 1523 442 1584 nuncupent,
453 1517 497 1583 qni
512 1514 618 1566 credunt
632 1515 661 1566 in
678 1511 804 1566 Cdristurn
814 1514 898 1582 filiunt
914 1513 957 1566 dei
972 1521 1019 1567 etc.
1053 1510 1106 1564 Sed
1122 1512 1179 1564 doen
1194 1511 1279 1564 colent

114 1605 139 1649 et
160 1595 258 1650 dodoci
276 1615 328 1652 esee
348 1607 373 1651 et
388 1596 542 1662 Christiani,
562 1615 607 1652 ncc
625 1598 719 1650 Iudaei
736 1605 795 1652 sunt
809 1614 856 1652 nec
872 1596 1021 1652 Christiani.
1060 1595 1131 1667 lingo
1154 1595 1278 1650 Nanamei

114 1679 265 1738 Christieno
281 1699 310 1737 ce
326 1683 432 1738 nomine
447 1683 623 1740 venditabant.
656 1678 747 1738 Fuisse
763 1697 824 1736 rere
842 1682 887 1752 qui
902 1681 930 1738 in
945 1698 1017 1736 mero
1033 1681 1164 1738 Iudaismo
1178 1681 1277 1752 presci-

113 1783 198 1839 puam
210 1769 342 1840 quandam
353 1769 444 1824 eedem
459 1770 565 1824 nemine
582 1773 681 1823 sectum
698 1767 897 1833 constituerent,
913 1768 947 1825 eb
963 1783 1016 1822 une
1032 1765 1177 1838 Epiphanio
1188 1767 1277 1820 didici·

114 1870 185 1908 nrus.
220 1853 259 1909 De
270 1853 363 1910 iisdem
377 1855 434 1926 egit
448 1855 612 1925 Augustinus
622 1853 668 1910 lib.
682 1871 699 1908 r.
711 1858 779 1908 cont
795 1852 964 1908 cresconium
980 1869 1036 1924 esp.
1052 1869 1126 1908 xxxi.
1161 1852 1198 1908 Et
1211 1870 1276 1916 nono

114 1948 177 1992 sest
186 1943 289 2010 paidom
300 1939 437 2004 tossen,
449 1944 493 2010 poi
502 1959 529 1996 se
540 1939 691 1996 Nozorenoa
701 1948 808 2007 nocent,
824 1959 841 1994 a
853 1941 979 1992 nonnuliis
995 1949 1076 1994 oeten
1085 1937 1279 2008 symmetriam·

116 2026 289 2094 appellantes,
302 2035 326 2079 ct
336 2029 551 2082 circuncisionem
561 2023 655 2080 dotent
663 2026 816 2080 Indaeorum
827 2035 852 2080 et
861 2025 1010 2097 baptismum
1023 2024 1231 2079 diacoconem.

184 2108 216 2164 N.
228 2127 268 2166 nr.
284 2108 379 2163 'Enttce
390 2109 437 2182 γὰρ
449 2111 662 2182 societatemn]
694 2111 794 2167 'iritum
805 2127 836 2166 ec
846 2111 983 2181 vulgarem
994 2110 1026 2164 de
1044 2109 1142 2164 orecuii
1157 2107 1277 2164 hccbmi

114 2194 328 2266 interpretetione
339 2197 494 2251 sententium
504 2197 622 2268 mqnitor
632 2195 800 2268 Epipimnins.
834 2195 907 2260 Ques
923 2201 964 2250 est
978 2195 1117 2252 eiusmodi:
1137 2193 1278 2268 Nunquam

116 2280 218 2335 stribu
232 2279 297 2336 ludu
313 2283 442 2354 principes
454 2281 600 2348 deiutnrcs,
617 2283 698 2337 donec
714 2280 830 2336 Christus
847 2281 993 2348 adveniret,
1009 2279 1059 2336 hec
1075 2285 1116 2336 est
1129 2281 1179 2336 sub
1189 2281 1277 2352 ipsum

115 2367 231 2422 iteseise
250 2367 390 2422 nivernum
410 2367 537 2424 desituros
556 2368 698 2439 principes,
718 2367 764 2440 qui
784 2367 909 2424 hscnnos
929 2383 944 2424 e
963 2367 1034 2422 tribu
1049 2366 1114 2422 Inda
1130 2367 1277 2422 extiterant.

115 2451 193 2516 Quod
203 2453 232 2506 in
242 2453 389 2508 Alexandro
402 2453 540 2524 contigisse
551 2458 633 2524 putet,
645 2454 690 2524 qui
700 2459 846 2524 postremus
856 2469 870 2508 e
881 2454 955 2526 regin
963 2453 1011 2508 iila
1020 2452 1099 2508 iudae
1107 2445 1208 2508 familia
1216 2453 1275 2510 init.

115 2537 166 2592 (ini
177 2537 291 2594 Herodes
302 2540 440 2606 suecessit,
454 2537 532 2594 hemo
544 2555 628 2610 neque
639 2538 718 2594 Iudse
729 2539 831 2596 tribulis
841 2555 891 2594 neo
902 2541 1008 2596 omniuo
1019 2539 1143 2604 iudssus,
1160 2538 1207 2594 sed
1217 2538 1276 2592 Idu·

115 2639 208 2680 mneos
222 2629 250 2678 et
264 2625 422 2696 alienigena;
441 2629 503 2680 cute
514 2641 593 2696 quem
605 2625 649 2697 qui
660 2625 692 2678 de
702 2625 772 2680 tribu
782 2624 847 2680 luds
857 2625 967 2696 legitimi
976 2623 1105 2696 principes
1115 2625 1229 2688 inerant,
1246 2624 1276 2678 ii·

115 2709 178 2764 dem
193 2715 221 2764 et
242 2710 275 2764 ed
291 2709 431 2766 Leviticam
445 2711 621 2782 pertinebant,
640 2710 721 2766 relnti
735 2709 915 2775 Mocchsbesi,
935 2725 966 2764 ec
983 2709 1105 2780 deinceps
1120 2707 1172 2764 aiii.
1206 2708 1277 2763 lineo

115 2795 224 2866 quim
233 2795 392 2868 Epiphnnine
403 2802 504 2852 veteres
514 2803 627 2852 secutus.
662 2795 714 2852 Sed
725 2797 753 2850 in
763 2795 812 2851 hec
823 2795 946 2868 opinione
958 2794 1043 2848 mults
1051 2797 1115 2848 eunt
1125 2809 1142 2847 e
1154 2793 1217 2848 viris
1231 2793 1276 2848 de·

115 2881 165 2934 etis
176 2881 241 2936 olim
252 2881 444 2948 animadverso,
464 2883 560 2954 purtim
576 2882 655 2948 icles,
675 2882 771 2954 partim
787 2882 866 2938 dubie
881 2885 908 2936 et
922 2881 1028 2936 incerta
1062 2879 1169 2934 rmum
1186 2883 1227 2934 est
1242 2879 1276 2934 sd

115 2965 251 3022 Christum
261 2983 345 3040 usque
355 2967 489 3022 dominnm
499 2968 641 3038 imperasse
649 2971 725 3022 natos
738 2984 752 3022 e
763 2968 833 3022 tribu
849 2965 927 3022 Iudse
939 2965 1083 3038 principee;
1101 2981 1160 3020 cum
1175 2969 1215 3018 tot
1230 2981 1275 3020 au·

115 3053 157 3108 nis
174 3059 268 3120 antea,
282 3053 335 3108 imo
352 3053 474 3119 mentm,
494 3053 573 3124 stirps
591 3053 637 3106 ille
647 3053 721 3124 regis
731 3052 860 3108 deiecerit.
894 3051 969 3117 Quod
979 3068 1039 3106 vero
1051 3052 1079 3106 in
1094 3049 1276 3108 Memento
1376 3079 1381 3088 ·

115 3139 295 3194 contiuustm
307 3138 384 3194 huius
394 3139 488 3194 seriem
504 3137 637 3192 citirmnrm
656 3137 812 3211 eosdemque
827 3143 945 3194 materne
962 3139 1056 3193 seltem
1070 3153 1165 3209 genere
1181 3155 1215 3191 ex
1230 3138 1278 3194 itis

115 3225 197 3280 iudae
208 3225 279 3279 tribu
290 3225 412 3280 oriundos
423 3224 518 3290 inisse,
535 3239 620 3295 neque
635 3239 725 3280 verum
736 3230 789 3292 eet,
805 3241 889 3296 neque
900 3225 933 3280 sd
943 3241 999 3280 rem
1009 3225 1128 3296 pertinet.
1161 3223 1191 3278 Id
1206 3223 1276 3295 qued

116 3311 218 3366 erudite
228 3309 360 3366 Perrerius
371 3315 459 3366 noeter
470 3309 504 3364 ad
514 3309 589 3365 ilium
602 3309 695 3366 denes.
707 3311 795 3366 iocum
805 3310 972 3368 demonstret.
1006 3311 1089 3366 Multo
1100 3310 1181 3382 igitur
1191 3310 1277 3364 verior

116 3403 143 3451 et
153 3396 244 3452 lseebi
254 3397 341 3451 rerbie
352 3397 437 3468 optior
447 3401 488 3452 eet
499 3395 550 3450 iste
558 3397 701 3464 sententia,
712 3403 755 3464 ut,
772 3414 832 3454 cum
843 3397 921 3452 dixit:
942 3397 1002 3452 Non
1010 3401 1141 3468 oossrstor
1150 3405 1277 3466 cecptronc

117 3485 148 3537 de
159 3483 231 3537 ludo
247 3501 324 3554 neque
336 3485 387 3536 dee
398 3484 532 3552 deferrem
543 3485 608 3547 eius,
629 3484 706 3537 donee
718 3487 805 3537 veniat
814 3487 857 3554 qui
868 3485 1000 3538 m'ttcndne
1010 3494 1059 3548 eet,
1079 3481 1129 3538 hoo
1139 3497 1222 3536 unum
1232 3497 1276 3536 re·

117 3569 160 3622 iit:
172 3569 234 3622 Non
247 3572 389 3638 anserede,
408 3568 450 3622 rel
461 3573 493 3621 ut
502 3563 627 3622 Hebraico
644 3567 751 3639 legitur:
785 3569 846 3623 Non
859 3571 961 3624 recedet
971 3578 1112 3640 sceptrum,
1130 3568 1185 3624 sire
1195 3568 1276 3640 inspe-

117 3653 184 3708 rium
196 3669 229 3708 ec
239 3657 363 3725 potestus,
376 3655 407 3707 de
418 3653 500 3718 Indo,
512 3652 561 3708 hoc
572 3660 613 3708 est
623 3670 639 3708 e
650 3655 718 3710 tribu
729 3653 794 3709 Indn
804 3655 960 3726 regioneque
968 3655 1014 3709 ille
1022 3670 1101 3725 quem
1112 3653 1140 3708 in
1149 3654 1277 3724 promisse

118 3743 188 3793 terra
198 3739 346 3810 occuparit,
358 3739 450 3811 cuique
461 3755 557 3794 nomen
569 3739 674 3796 dederit.
709 3739 745 3794 Ut
754 3757 800 3811 per
810 3739 901 3796 Indum
911 3745 966 3795 tam
976 3740 1087 3812 populor
1099 3739 1158 3812 ipsa
1167 3739 1201 3794 eb
1211 3739 1277 3792 chs

119 3823 242 3880 oriundus
259 3829 306 3880 eut
320 3825 483 3895 nominatus,
503 3841 583 3896 quum
598 3825 671 3896 regio
686 3825 726 3879 iili
743 3825 868 3880 attribute
883 3825 1052 3897 significetur.
1086 3823 1153 3880 Nam
1171 3824 1277 3878 tametsi

119 3915 178 3964 ante
189 3909 323 3964 Christnm
333 3911 458 3966 meneiuto
469 3911 498 3964 in
509 3911 685 3983 csptiritetem
700 3927 876 3982 oppressoque
887 3911 965 3966 iudos
975 3911 1072 3982 populo
1082 3909 1185 3981 imperil
1194 3909 1275 3964 series

119 3995 163 4050 ills
173 3997 319 4068 interrupto
329 3996 457 4063 videntur,
469 4013 523 4052 nen
533 4001 622 4051 tumen
632 3996 736 4068 penitus
747 3998 855 4052 recessit
865 4003 911 4052 aut
920 3997 1064 4052 extinctum
1074 4001 1115 4050 eet
1123 4000 1183 4050 ente
1190 3993 1275 4050 lodd-

120 4095 178 4136 enm
188 4080 336 4153 excidium,
351 4081 493 4137 secuudum
505 4080 574 4152 quod
584 4087 688 4152 tempus
703 4083 814 4154 templo,
825 4083 901 4149 urbe,
920 4082 1028 4154 imperio
1039 4097 1070 4136 sc
1082 4080 1191 4152 πολιτιίᾳ
1201 4081 1276 4138 exuti

121 4165 208 4221 sienis
219 4167 323 4238 legibus
335 4183 365 4222 ec
374 4167 543 4222 dominationi
554 4167 697 4224 subiacent.
730 4167 895 4224 Praeriderst
901 4167 1012 4240 Spiritus
1023 4171 1130 4222 canctus
1138 4165 1276 4222 divertium
1300 4195 1323 4236 p.
1335 4185 1365 4227 οι

120 4251 180 4306 iilud
191 4253 268 4324 regni
284 4269 316 4308 se
331 4253 432 4325 pepuli,
449 4269 509 4308 cum
524 4255 574 4308 snb
589 4253 722 4308 mismo
738 4254 785 4308 alii
798 4254 944 4320 hmilitas,
963 4253 1008 4308 aiii
1022 4251 1102 4308 Iudae
1115 4254 1227 4324 populea
1244 4269 1276 4308 ec

121 4353 230 4410 regnum
241 4339 370 4394 nominmi
380 4345 526 4410 coeperunt
560 4338 674 4395 Noverat
688 4339 721 4394 ab
736 4340 850 4410 Assyriis
866 4338 1057 4412 pretiigsndum
1072 4339 1183 4394 ultorum
1198 4338 1274 4406 iiied3

120 4423 182 4480 eden
194 4431 226 4480 nt
235 4425 373 4498 imperium
384 4425 418 4478 eb
430 4441 576 4497 enprorsus
589 4425 733 4480 auferretur
744 4441 775 4480 cc
786 4425 916 4481 recederet
924 4441 973 4480 nec
981 4441 1097 4496 nnqucm
1105 4427 1133 4480 in
1143 4426 1275 4496 integrum

121 4511 303 4566 commeretur.
329 4509 414 4576 Quare
425 4509 460 4564 ed
470 4509 546 4566 huius
558 4511 706 4578 discrimen,
721 4511 752 4566 de
764 4512 845 4566 altera
855 4511 900 4566 iiis
909 4512 984 4582 regni
994 4513 1134 4584 populique
1144 4512 1271 4584 portione,

121 4611 185 4666 ques
196 4597 231 4654 ab
241 4595 307 4654 luds
317 4611 416 4669 mgna
426 4613 460 4654 ex
471 4603 544 4669 perte
554 4603 617 4656 netu
627 4603 654 4654 et
670 4598 703 4654 ab
720 4613 751 4654 eo
767 4598 951 4670 cognominato
966 4603 1007 4654 est
1020 4603 1048 4656 et
1060 4599 1090 4656 in
1104 4599 1161 4655 eine
1176 4595 1273 4653 ditione
