3138 5044
1061 539 1145 579 lieusee
1158 539 1250 584 lnltmi,

1039 591 1117 642 qulbus
1130 591 1176 630 iere
1190 591 1274 632 coeteri

451 752 573 813 Ξανθικος
752 750 942 822 Ἐλαφηβολιών

408 842 411 854 “
450 835 598 909 ’λρτιμίυιος
753 837 899 908 Μουνυχιών

451 923 549 984 Auletes
753 922 899 995 Θοργηλιών

451 1007 562 1080 Πάνεμος
754 1007 937 1080 Συιιῤῥοφοριών

451 1095 523 1165 lisinec
753 1091 940 1164 Ἐκοιτομβοιώιι

451 1179 581 1250 Γορτιοῖος
753 1179 932 1249 Metapontus»

451 1263 648 1335 ’Υπτρβιρετιιῖος
753 1263 912 1335 Βοηδρομιὼν
1056 1263 1221 1336 September

452 1351 509 1411 Alce
752 1349 944 1419 Μαιμακτηριών
1057 1348 1169 1404 October

451 1433 599 1497 Ἀπελλαῖος
753 1434 896 1505 Πυανεψιών
1055 1435 1202 1490 November

451 1519 586 1582 λιίδυυαῖος
752 1519 890 1572 Ποοιιδιών
1055 1521 1197 1575 December

451 1605 559 1676 Περίτιος
752 1604 885 1676 Γαμηλιών
1054 1605 1190 1660 imnerico

451 1691 560 1762 Δύστρος
752 1688 928 1761 'interruperint
1054 1691 1210 1746 reinerius

125 1862 157 1914 At
167 1862 196 1916 in
209 1861 320 1933 epistole
330 1862 442 1935 Philippi
453 1861 626 1918 Mmedonum
637 1863 719 1934 regis,
732 1879 800 1934 qnae
811 1867 851 1916 est
861 1861 931 1934 epud
942 1861 1075 1916 Demestln
1087 1860 1281 1932 septinubae,

123 1946 192 2002 leus
205 1963 264 2001 cum
276 1949 361 2003 Attico
372 1948 510 2004 Boidrum.
523 1949 694 2020 componitur,
709 1955 740 2002 ut
751 1949 817 2002 clim
828 1964 875 2020 per
885 1948 931 2000 ille
942 1953 1060 2018 tempore
1071 1948 1202 2002 mensium
1213 1947 1282 2018 epud

122 2033 281 2088 Aiseednues
293 2040 431 2089 contextus
442 2035 523 2090 fnnse
534 2035 660 2089 ridentur.
682 2035 721 2088 De
734 2051 785 2105 qno
797 2035 871 2087 aies.
895 2033 969 2087 Nunc
984 2031 1061 2098 illud,
1079 2033 1148 2104 quod
1163 2033 1230 2099 dixi,
1247 2049 1282 2087 ex

123 2119 313 2190 disgrsmmete
325 2125 438 2186 constet,
450 2120 632 2174 Macedonicos
643 2137 748 2174 meuses
759 2137 811 2174 nne
820 2119 875 2174 iere
886 2135 975 2174 meuse
984 2119 1226 2190 Spromecedenieie
1238 2136 1283 2174 uu·

124 2205 231 2260 teriones
244 2221 309 2260 esee.
332 2205 399 2260 Nem
410 2205 558 2260 Xsnthicns
570 2207 685 2278 exempli
696 2221 790 2260 csusse
801 2204 1040 2276 Syromrcedouum
1052 2210 1092 2258 est
1099 2205 1196 2276 Aprilis
1206 2204 1283 2260 iulie-
1308 2237 1330 2278 ρ,
1338 2225 1383 2268 140,

123 2307 185 2356 uus,
201 2291 386 2346 diseedonicus
396 2307 458 2346 vero
469 2293 575 2346 temetsi
586 2309 646 2346 cum
657 2293 756 2346 lunaris
772 2300 813 2346 est
822 2291 905 2362 Aprili
920 2307 1108 2361 nonnunqum
1119 2290 1282 2361 respondent,

123 2377 228 2447 saepius
239 2381 328 2430 temen
335 2376 364 2430 iu
371 2377 496 2434 Mutum
507 2379 626 2444 incurrit,
638 2379 816 2448 maioremque
823 2378 893 2431 illins
902 2381 1002 2448 portem
1011 2383 1128 2448 occupet
1146 2377 1282 2430 Caeterum

124 2461 192 2532 opud
208 2461 384 2534 Epiphaniam
401 2463 449 2517 hee
467 2464 494 2517 in
511 2465 568 2518 loco
586 2481 632 2535 pre
645 2461 792 2516 Ἀπελλαίου
810 2460 852 2533 ις’,
870 2462 986 2533 Scaliger
1002 2463 1048 2518 lib.
1058 2481 1083 2516 v.
1100 2461 1132 2516 de
1148 2461 1282 2518 Emendat

123 2561 183 2617 peg.
194 2545 254 2600 482.
265 2546 296 2600 B.
307 2549 417 2619 corrigit
426 2546 574 2600 Ἀπελλαίου
588 2547 619 2612 ς’.
649 2549 706 2614 Qus
716 2549 817 2603 retieue
829 2549 965 2619 Apellseus
976 2547 1161 2602 Macedonicus
1171 2547 1282 2602 Noveru-

124 2633 176 2686 bris
187 2633 361 2703 m.coeperit.
386 2633 748 2698 Quodrerumnesitnescio.
1305 2633 1308 2640 ’

191 2717 259 2770 Κατὰ
270 2716 404 2785 ’λθηυαίοις
416 2719 620 2790 Μεταγειτνιῶνος
632 2717 745 2791 ἑβδόμη]
769 2720 879 2774 Constet
896 2735 929 2772 ex
944 2719 977 2771 iis
989 2733 1055 2788 quse
1066 2719 1145 2788 poulo
1157 2723 1218 2772 unte
1229 2717 1281 2772 ‹lis-

122 2809 215 2874 putsts
226 2810 300 2874 sunt,
313 2805 559 2860 Mnemecterienem
570 2807 604 2858 eb
615 2805 841 2859 liecstombeeone
853 2821 910 2857 esse
922 2808 1056 2875 quartum,
1074 2803 1142 2872 qnod
1154 2809 1181 2856 et
1190 2802 1232 2856 hie
1244 2804 1281 2856 le·

124 2905 168 2942 cus
180 2889 312 2944 evidenter
323 2889 491 2946 demonstret.
525 2889 593 2944 Nem
604 2890 779 2960 Metagitnicn
795 2890 931 2960 proximus
948 2893 988 2942 est
1002 2889 1036 2942 eb
1047 2888 1281 2944 lieentumbesnue.

46 3003 50 3014 ‚
123 2973 207 3044 igitur
220 2973 360 3046 Epiphmii
376 2977 481 3030 seecnlo
491 2975 703 3030 Hecetembeecn
715 2975 827 3029 October
843 2980 909 3040 eret,
924 2974 1126 3028 lieemeoterieu
1136 2975 1281 3030 Imuurius.

123 3059 266 3115 Neomenie
273 3061 499 3136 diremeoterionie
510 3061 632 3131 congruit
642 3060 699 3115 lini.
711 3061 775 3132 ipsis
786 3061 906 3116 lsunerii.
924 3059 990 3114 Nem
1000 3079 1035 3117 vr.
1044 3061 1181 3116 Meemsot.
1191 3060 1282 3114 eedem

124 3153 163 3200 est
173 3145 288 3200 [murrii
298 3165 333 3200 vr.
356 3147 436 3217 Atqui
451 3147 589 3200 neomenia
601 3147 799 3217 lietsgltuiouie
815 3163 869 3200 non
884 3147 1005 3201 convenit
1014 3146 1072 3202 Kal.
1083 3145 1148 3200 Ner.
1182 3145 1282 3217 Quippe

124 3249 179 3288 rm.
191 3231 257 3285 Ner.
270 3251 315 3288 vn.
327 3232 456 3286 duutsxst
467 3237 507 3287 est
517 3232 726 3304 Meitgituionis3
742 3233 794 3286 nisi
809 3231 932 3286 mendum
948 3233 983 3285 eit
996 3233 1024 3286 in
1036 3231 1174 3304 iipipltsnii
1185 3231 1281 3287 codice.

124 3319 146 3371 A
156 3315 273 3372 mcuuds
283 3317 347 3372 Ner.
360 3318 394 3372 ed
405 3319 553 3372 ultimetsm
562 3318 623 3372 Dec.
633 3317 688 3372 dies
697 3323 759 3372 sunt
767 3335 815 3384 ux,
827 3333 930 3374 meuses
940 3316 1135 3372 Atheniensium
1145 3318 1204 3372 dne.
1221 3319 1282 3372 Pro·

124 3403 183 3457 inde
194 3419 249 3457 nou
257 3401 377 3470 lulinuls,
389 3403 435 3458 sed
443 3404 624 3475 eequebilibus
633 3409 659 3458 et
668 3403 834 3475 Aegyptiacis
843 3403 977 3460 mensibus
985 3403 1027 3456 uei
1035 3409 1096 3456 sunt
1105 3402 1283 3470 Athenienses,

124 3505 183 3542 eum
194 3490 309 3560 primum
320 3489 405 3543 lirum
416 3496 442 3543 et
454 3491 574 3545 stabilem
586 3505 684 3544 ennum
696 3487 876 3543 adhibuerunt.
899 3489 954 3542 iuno
965 3499 1026 3542 vero
1043 3489 1155 3560 idipsum
1172 3490 1242 3562 spud
1251 3491 1283 3544 il·

123 3574 162 3628 loe
173 3575 384 3645 tutiquiseimcm
394 3575 476 3630 inisse
487 3593 541 3630 non
552 3577 652 3646 primus
663 3575 787 3646 Scaliger,
805 3579 835 3628 ut
846 3573 979 3644 glorietur,
997 3574 1043 3629 sed
1055 3574 1127 3630 (iere
1137 3581 1199 3630 unte
1207 3577 1283 3630 illurn

124 3661 213 3716 docuit
222 3661 267 3714 lib.
281 3661 469 3727 milensibus,
481 3663 527 3716 ubi
539 3661 571 3715 de
582 3677 650 3716 tune
663 3661 785 3732 disputet
808 3659 911 3714 Etenim
923 3677 1019 3725 suune,
1031 3660 1130 3732 inquit,
1141 3661 1211 3732 epnd
1223 3662 1282 3715 illos

29 3811 37 3830 .
123 3753 182 3800 eret
191 3745 300 3817 duplex;
317 3749 383 3800 ulter
398 3747 498 3802 dierum
511 3763 611 3815 ccccx,
627 3748 701 3801 cuins
716 3747 744 3800 iu
760 3746 813 3799 line
830 3746 986 3817 appendices
997 3763 1014 3799 v
1026 3747 1080 3800 dies
1094 3747 1282 3812 inserebantur,

124 3831 157 3884 sd
167 3847 236 3902 qnos
247 3837 339 3902 querto
351 3847 454 3904 quoque
464 3847 533 3887 enno
545 3833 601 3887 dies
616 3849 684 3886 unus
700 3831 852 3897 sconiensi,
870 3831 935 3885 ulter
950 3833 1048 3886 lunsris
1062 3831 1120 3888 init.
1153 3831 1183 3885 In
1197 3832 1283 3903 priore

123 3916 210 3970 forms
219 3917 349 3970 tricensrii
359 3933 463 3971 menses
476 3925 563 3984 erent,
575 3917 608 3972 nd
620 3917 726 3972 modum
735 3917 891 3987 Aegyptiaci
901 3919 977 3982 enni,
988 3917 1096 3971 ultimus
1108 3917 1230 3971 meneisv
1241 3915 1283 3970 rel

124 4019 151 4058 ιι
161 4001 256 4056 diebus
267 4003 367 4056 euenor
377 4007 439 4056 eret
464 4003 534 4057 Hsec
548 4003 626 4058 Gaze.
650 4003 725 4068 Quod
740 4007 827 4055 utrum
841 4002 932 4073 priscis
942 4003 994 4056 sslis
1005 4003 1165 4074 temporibus
1176 4019 1226 4056 usu
1237 4021 1284 4074 po·

124 4087 211 4158 peiuri
219 4093 353 4158 receptum
364 4089 453 4154 luerit,
470 4091 532 4142 alibi
544 4089 686 4144 disseritur.
709 4087 772 4143 Post
783 4088 911 4142 Iulitnem
923 4089 1027 4160 quidem
1039 4088 1191 4152 editionem,
1206 4094 1284 4158 etque

124 4172 263 4246 lipiphnuii
274 4173 391 4240 saeculo,
403 4173 531 4228 eiusmodi
542 4191 640 4229 sunum
653 4175 818 4230 obseruatum
830 4172 939 4227 Athenis
950 4174 1031 4227 inisse
1043 4186 1077 4226 ex
1089 4172 1138 4226 hoc
1145 4171 1284 4244 Epipheuii

124 4259 181 4314 loco
193 4259 288 4314 eouiiei
299 4265 392 4330 potest.
416 4257 451 4313 Ut
466 4260 536 4313 enlm
547 4261 723 4331 Aegyptiseus
739 4275 824 4314 nunus
841 4259 977 4314 mensibus
992 4259 1136 4312 tricenariis
1154 4266 1283 4325 constent,

125 4361 184 4400 cum
200 4345 326 4400 hseteuus
342 4345 393 4400 diei
409 4345 570 4399 intercalaris
589 4347 729 4400 omissione
745 4362 791 4417 per
808 4345 937 4400 lulianum
954 4360 1052 4399 anuum
1068 4351 1229 4415 engeretur,
1245 4361 1283 4399 re·

126 4439 200 4502 cepto
211 4449 281 4487 euno
290 4431 383 4487 lulinni
391 4435 454 4502 typo
465 4431 617 4485 tricenarius
629 4447 732 4486 meuses
744 4432 913 4486 nihilominus
925 4431 1042 4497 retinnit,
1054 4447 1114 4485 cnm
1122 4428 1283 4501 ἐπαγομένοις

127 4533 150 4582 r,
167 4525 193 4572 et
204 4517 334 4573 interdum
345 4535 385 4584 ιι,
402 4518 440 4572 ite
455 4516 576 4570 credibile
594 4521 634 4570 est
644 4516 815 4571 Athenienses
831 4518 859 4571 in
871 4533 941 4570 enno
952 4533 1000 4570 suo
1011 4517 1117 4583 iecisse,
1135 4523 1164 4570 ut
1177 4515 1283 4570 tricenis

128 4603 254 4659 duntuet
265 4603 356 4660 diebus
368 4603 466 4675 singull
476 4617 579 4660 menses
591 4603 765 4670 decurrerent,
777 4619 825 4658 nee
837 4603 870 4658 sd
881 4602 1041 4658 lulieuesnm
1052 4603 1181 4658 meusium
1190 4601 1283 4656 desesi-
1344 4643 1347 4651 ι
