3138 5044
312 303 438 361 CXXXII

311 461 444 532 superiore
452 460 564 514 diatriba
571 459 750 531 produximus.
776 458 893 514 Eandem
904 459 978 513 illam
989 457 1165 514 coniecturam
1176 463 1203 512 et
1210 457 1362 530 opinionem
1373 457 1406 512 de
1416 473 1472 514 rxn

310 563 439 600 annorum
450 546 509 599 labe
521 543 644 600 dilinitur
661 545 711 599 sibi
722 545 879 616 patefactam
890 545 987 600 Paulus
997 544 1269 616 Forosempronlensis
1284 550 1376 600 narras
1389 545 1435 598 lib.
1446 561 1471 600 x.

310 633 390 702 partia
403 647 432 686 rr.
444 631 568 685 Paulinae
580 645 651 684 suae.
675 629 742 684 Cum
758 631 828 686 enim
844 631 952 684 minime
964 630 1093 686 dubitaret
1103 631 1166 701 quin
1177 629 1295 684 Christus
1306 630 1395 684 Hartii
1402 647 1473 694 xxm,

308 718 375 772 feria
385 735 435 784 vn,
447 733 548 772 crucem
560 717 721 788 pertulisset,
733 733 819 787 neque
830 722 930 770 certum
942 731 1041 770 annum
1052 716 1117 769 satia
1129 715 1284 787 explicaret,
1295 721 1357 787 post
1366 716 1474 786 longam

309 805 429 873 vigiliam
439 803 547 858 affuisse
558 803 610 856 slbi
620 802 731 855 Paulum
745 803 894 874 apostolum
910 807 1011 867 narrat,
1027 806 1054 855 et
1068 800 1286 872 chronologorum
1301 801 1421 856 omniumr
1435 817 1474 855 er·

310 905 395 942 rorem
406 889 547 954 indicasse,
565 888 611 958 qui
622 905 680 944 1111
691 903 774 941 annos
785 887 993 959 praeteriissent;
1010 886 1075 942 adeo
1092 892 1122 940 ut
1138 887 1183 957 qui
1200 905 1247 942 xm.
1264 887 1293 941 in
1309 901 1387 942 assae
1404 901 1473 942 soar·

310 975 383 1028 muni
399 979 526 1040 censetur,
542 975 668 1028 iexxxrv.
685 971 774 1026 haberi
790 973 916 1029 debuerit.
949 972 1021 1026 Idem
1036 979 1125 1026 umen
1142 989 1196 1026 uon
1206 991 1249 1026 xv.
1260 973 1336 1039 luna,
1352 972 1400 1027 sed
1412 989 1473 1038 xrs,

309 1075 417 1130 passum
431 1075 490 1114 esse
501 1058 632 1112 Christum
649 1059 794 1123 existimat;
809 1064 946 1130 propterea
962 1057 1031 1129 quod
1046 1057 1217 1130 plenilunium
1228 1057 1402 1114 ravennat
1411 1073 1472 1112 aon·

309 1145 370 1213 tigit
381 1145 446 1198 feria
458 1163 516 1208 s11.;
534 1160 584 1214 quo
597 1142 638 1196 die
649 1143 738 1197 ludaei
748 1143 845 1215 pascha
856 1144 1030 1200 celebrabant.
1071 1142 1145 1198 Unde
1155 1144 1265 1214 colligas
1275 1159 1310 1196 ex
1320 1143 1421 1209 Bodas,
1431 1143 1472 1197 Si·

309 1230 423 1300 geberti,
440 1229 553 1283 Mariani
568 1229 731 1299 aliorumque
746 1231 875 1284 sententia
889 1245 1052 1300 consequens
1069 1245 1126 1282 esse
1138 1227 1269 1284 Christum
1280 1245 1334 1282 uon
1345 1245 1390 1282 xv.
1400 1229 1471 1293 luna,

309 1315 356 1370 sed
367 1333 434 1381 xta,
451 1317 479 1368 in
490 1330 593 1368 murem
605 1315 738 1368 sublatum
748 1315 838 1370 luisse.
860 1316 978 1371 Tametsi
988 1314 1055 1369 hano
1067 1315 1105 1369 illl
1116 1333 1159 1369 xv.
1170 1315 1262 1370 lunam
1271 1315 1391 1368 mbiu'sti
1402 1319 1470 1379 sunt,

309 1399 434 1471 quoniam
442 1399 586 1454 Nioaenum
595 1401 697 1470 cyclum
706 1401 738 1454 ad
748 1400 843 1455 Christi
851 1402 1035 1473 passionisque
1043 1405 1226 1472 tenpore-ne
1236 1401 1291 1454 ulla
1301 1399 1469 1470 apenninos,

309 1503 388 1558 quam
404 1486 573 1557 ignorabant,
591 1487 735 1557 suspitione
751 1487 947 1542 transtulerunt.
981 1487 1078 1542 Paulus
1088 1501 1164 1552 sero,
1180 1493 1211 1542 ut
1225 1491 1283 1542 erat
1297 1484 1470 1540 meuriss

308 1573 418 1642 peritus,
435 1571 535 1626 medios
552 1573 630 1625 lunae
646 1577 734 1626 motus
750 1577 777 1626 et
792 1573 894 1628 tabidas
910 1574 939 1627 in
951 1573 1090 1628 consilium
1101 1571 1227 1628 adhibuit
1249 1571 1390 1626 Caetm
1398 1570 1470 1624 illam

307 1659 392 1728 ipsam
403 1675 531 1714 annornm
543 1657 653 1712 duorum
665 1673 696 1710 ao
706 1658 801 1727 viginti
811 1659 898 1712 labem
908 1659 969 1713 inde
984 1656 1126 1714 conflatam
1142 1657 1288 1722 existimat,
1306 1655 1376 1727 quod
1390 1656 1470 1710 triam

306 1743 459 1814 pontificum
471 1745 546 1810 enni,
563 1743 642 1809 Cleti,
658 1743 740 1796 Marci
750 1749 778 1796 et
787 1744 905 1798 Marcelli
916 1743 950 1799 ab
961 1744 1074 1798 Eusebio
1086 1741 1262 1814 praetermissi
1273 1749 1348 1808 suat,
1364 1741 1412 1812 qui
1425 1756 1470 1795 n·

306 1847 355 1884 noe
364 1847 422 1886 xxn
434 1830 559 1884 ecclesiae
569 1829 744 1900 praefuerunt
762 1827 835 1892 Quae
847 1845 906 1883 cum
918 1829 1007 1884 omnia
1014 1829 1111 1884 Paulus
1120 1833 1241 1882 murato
1248 1828 1293 1882 hle
1302 1827 1330 1882 in
1340 1827 1409 1880 utro
1421 1827 1470 1879 dia·

306 1917 431 1970 seruisset
447 1931 478 1969 ac
495 1915 617 1968 divinitus
634 1915 661 1967 id
677 1929 705 1968 se
717 1915 843 1985 accipisse
854 1913 1047 1981 confirmasset,
1061 1915 1089 1968 in
1105 1914 1275 1992 sequentibus
1288 1917 1379 1967 tamen
1390 1911 1470 1977 libris,

306 2002 475 2070 maximoque
486 2017 559 2065 atta,
571 2015 691 2054 causeam
701 2000 826 2070 prodidit,
838 2007 866 2054 et
876 2005 1026 2072 contempta
1033 1999 1108 2054 Pauli
1116 1999 1229 2070 apostoli
1237 2013 1268 2054 ac
1277 1997 1470 2068 divmuaim·

306 2087 436 2140 ficedonis
448 2087 585 2140 antonmte
602 2085 636 2138 ad
652 2101 729 2138 suum
744 2085 809 2138 illud
821 2089 1006 2156 προχρανιαμαῦ
1017 2085 1163 2152 biennium,
1180 2083 1250 2156 quod
1267 2083 1376 2140 snob'u
1390 2097 1471 2153 supra

307 2172 467 2224 ualidissime
478 2171 620 2224 refutatum
631 2177 685 2236 est,
700 2171 845 2237 revertitur,
863 2185 894 2226 so
905 2171 1007 2226 dnobus
1018 2172 1095 2226 annis
1106 2171 1261 2241 Dionysium
1270 2185 1365 2225 sarum
1375 2166 1470 2223 Christi

307 2259 422 2312 natalem
434 2257 602 2310 antevenisse
614 2255 711 2311 definit.
736 2255 863 2320 Quocirca
878 2257 1115 2329 imprudentissime
1132 2271 1196 2311 une
1208 2255 1379 2310 Casaubonus
1390 2253 1470 2309 Exsu-

307 2344 350 2398 oit.
363 2361 418 2398 xrr.
432 2342 464 2396 ad
476 2359 594 2396 axxxru
606 2341 774 2397 numinum.
786 2341 923 2396 Paulinum
934 2343 1005 2397 istud
1015 2348 1193 2397 commentum
1202 2342 1326 2396 adunus
1337 2341 1470 2412 obliquam

306 2427 414 2482 Beronii
425 2428 624 2498 castigationem
634 2431 729 2493 tuetur,
746 2443 805 2480 oum
819 2433 921 2499 praeter
933 2429 1010 2482 otiosi
1021 2427 1134 2483 homluls
1145 2435 1172 2482 et
1182 2428 1284 2500 aegroti
1293 2427 1390 2481 vetaris
1401 2443 1468 2482 som·
1555 2481 1556 2499 ,

306 2515 381 2568 nium
393 2519 471 2584 atquo
483 2509 619 2565 ἀλλόκοτον
632 2512 766 2582 φαντασίαν
777 2512 873 2568 habeat
882 2512 956 2568 nihil.
978 2513 1045 2570 Nam
1062 2519 1092 2568 ut
1107 2514 1225 2568 omittam
1239 2514 1273 2568 ab
1284 2513 1410 2584 ipsomet,
1425 2511 1469 2582 qui

306 2600 332 2652 id
345 2599 395 2654 sibi
405 2600 550 2654 revelatum
561 2615 618 2652 esee
626 2599 741 2664 dixerat,
753 2600 831 2654 tacite
840 2600 992 2654 damnatum
1002 2599 1067 2654 illud
1077 2615 1108 2654 so
1119 2599 1257 2665 reiectum,
1267 2615 1348 2670 quam
1356 2597 1469 2652 absurda
1554 2589 1555 2595 ¹

305 2687 357 2738 ista
372 2686 461 2740 iabula
476 2687 524 2752 ait,
538 2684 607 2738 hunc
623 2685 651 2738 in
666 2684 774 2738 modum
790 2685 962 2740 demonstrari
971 2691 1067 2757 potest
1091 2684 1120 2738 11
1131 2701 1188 2743 xxrr
1196 2699 1328 2740 morum
1337 2685 1433 2740 sitium
1442 2683 1467 2736 iu
1553 2679 1554 2689 ’

306 2787 394 2825 aeram
405 2772 520 2842 irrepsit,
536 2771 575 2824 ita
585 2775 616 2823 ut
627 2770 672 2840 qui
682 2787 730 2824 an.
741 2769 835 2824 dicitur
845 2771 869 2824 is
881 2785 971 2825 xxxrs.
982 2769 1160 2826 numerandus
1170 2770 1261 2836 luerit,
1274 2785 1329 2826 uon
1341 2769 1417 2824 aliter
1428 2785 1467 2822 ac·
1552 2765 1553 2785 ¹

307 2857 400 2910 cidisse
411 2856 461 2910 hoo
472 2861 560 2927 potest
570 2871 650 2926 quam
660 2861 691 2910 ut
702 2856 872 2926 aliquotanni
880 2855 912 2910 de
920 2869 1029 2912 numero
1040 2871 1072 2910 ac
1082 2857 1150 2912 serie
1159 2855 1335 2928 ipsadetraoti
1345 2855 1414 2920 siut,
1424 2859 1467 2908 ast

307 2949 375 2996 certe
386 2943 502 2996 natalem
513 2941 609 2996 Christi
619 2941 760 3010 Dionysius
772 2959 830 2998 xxn
841 2943 916 2994 annia
927 2942 996 2996 inira
1006 2943 1155 3013 legitimum
1165 2948 1269 3014 tempus
1284 2941 1467 3004 summoverits

307 3033 399 3098 utputa
410 3044 471 3080 oum
481 3026 666 3080 incarnationis
679 3033 705 3080 et
715 3027 810 3080 natalis
822 3043 906 3080 annus
919 3043 952 3080 ex
964 3045 1014 3082 usu
1025 3027 1146 3098 Dionysii
1156 3029 1191 3082 sit
1200 3027 1316 3082 Iulianus
1328 3045 1415 3093 xum,
1426 3025 1467 3080 da·

306 3113 392 3166 buerit
402 3129 460 3166 esee
472 3130 557 3177 ura,
573 3111 667 3180 quibus
685 3112 801 3168 aixxxrv
812 3112 907 3178 addas,
922 3112 1038 3170 lulianus
1054 3114 1180 3186 septimus
1197 3119 1224 3167 et
1234 3113 1467 3186 quinquagesimus
1547 3179 1548 3182 Ἴ

306 3199 417 3264 existat,
435 3197 481 3270 qui
498 3201 539 3250 eet
555 3212 631 3252 aerae
646 3196 821 3267 Dionysianaa
833 3216 893 3264 xia,
910 3215 962 3268 quo
980 3214 1088 3269 passum
1104 3216 1162 3254 esse
1179 3197 1311 3254 Christum
1327 3199 1367 3254 illi
1378 3215 1468 3254 omnes

307 3284 406 3354 opinati
422 3288 491 3336 eunt
524 3283 560 3334 At
573 3299 633 3336 vero
651 3287 789 3352 utrumque
805 3283 870 3336 illud
884 3283 1072 3354 perabsurdum
1087 3300 1118 3338 ao
1134 3285 1214 3355 longe
1229 3285 1405 3339 falsiaeimum
1420 3291 1466 3339 eat

306 3367 375 3422 Sunt
386 3367 456 3421 enim
467 3367 605 3422 certissimi
615 3373 762 3437 temporum
773 3366 946 3434 characteres,
962 3375 1025 3423 aunt
1034 3369 1160 3424 laetorum
1170 3369 1230 3424 libri
1241 3366 1337 3440 quibus
1348 3371 1468 3424 emula·

306 3459 349 3508 tus
361 3454 458 3524 singuli
470 3453 607 3523 diligenter
621 3453 785 3520 adnotantur,
801 3459 863 3508 sunt
872 3453 1050 3508 Romanorum
1061 3455 1248 3527 Imperatorum
1265 3456 1328 3509 anni
1338 3461 1421 3527 atque
1432 3453 1468 3510 hi

202 3553 224 3592 1³·
235 3542 278 3584 ¹⁴&
305 3539 401 3593 sturiae
413 3555 517 3592 summa
526 3537 578 3592 tide
589 3540 763 3609 conscriptas,
778 3539 806 3593 iu
823 3540 918 3609 quibua
934 3539 1021 3594 hiatum
1035 3541 1102 3594 tanti
1116 3557 1150 3594 ne
1165 3541 1350 3596 budinhaam
1361 3541 1467 3612 quidam

305 3625 447 3694 vestigium
463 3629 577 3694 apparat.
612 3623 720 3678 Constat
734 3641 803 3678 anno
819 3640 895 3678 aerae
911 3624 1073 3680 Christianae
1084 3643 1138 3681 xre.
1156 3631 1288 3680 mortuum
1303 3625 1466 3697 Augustum

305 3709 375 3782 quod
386 3709 562 3762 memorabilis
573 3709 619 3762 illa
629 3710 707 3764 lunas
719 3711 821 3781 eelipds
834 3711 954 3766 ostendit
978 3709 1129 3781 Sequuntur
1139 3717 1167 3764 et
1176 3711 1244 3766 allae
1259 3711 1338 3776 duaes
1354 3727 1465 3782 quarum

305 3813 359 3851 una
369 3811 443 3850 anno
460 3793 554 3848 Christi
565 3811 637 3861 rau,
653 3796 689 3850 ll.
703 3795 805 3850 Vinicio
820 3801 849 3849 et
863 3795 967 3850 Statilio
979 3795 1091 3850 Corvino
1108 3811 1175 3850 coss.
1191 3795 1250 3854 ilai.
1262 3799 1331 3868 hug.
1348 3799 1466 3868 contigi,

305 3897 382 3952 quam
395 3887 422 3936 et
432 3879 556 3934 Claudius
568 3879 663 3933 Caesar
674 3879 759 3934 edicto
771 3881 952 3946 denunciant,
968 3897 1037 3936 anuo
1053 3881 1157 3953 inperii
1172 3883 1214 3936 sul
1225 3883 1330 3953 quinto,
1348 3889 1379 3936 ut
1392 3889 1466 3937 autur

303 3974 344 4020 est
355 3967 416 4020 Dio:
434 3967 516 4020 altera
533 3966 657 4038 Vipsania
673 3971 700 4018 et
715 3966 823 4020 Fonteio
840 3981 905 4022 coes.
922 3967 1170 4037 prudentianae
1187 3968 1294 4033 accidit,
1311 3973 1343 4022 ut
1357 3973 1465 4022 tasmtur

304 4053 404 4106 Plinius
415 4054 433 4107 l.
443 4069 472 4108 rr.
484 4069 506 4105 o.
516 4069 577 4106 axx.
595 4051 633 4104 Ra
644 4053 766 4105 conuenit
775 4067 843 4105 anno
855 4051 958 4122 vulgari
968 4069 1031 4119 arx,
1041 4053 1138 4123 Aprilis
1149 4069 1221 4119 xxx,
1233 4069 1302 4108 auno
1313 4055 1408 4124 quinto
1418 4053 1465 4110 lla·

303 4139 374 4190 ronis
386 4139 497 4192 labente.
521 4135 621 4200 Quibus
633 4135 656 4189 si
667 4135 776 4206 eclipses
787 4137 852 4190 aliae
864 4137 1006 4203 addideris,
1022 4153 1090 4208 quse
1101 4139 1197 4209 partim
1207 4145 1281 4205 ants,
1297 4141 1396 4210 partim
1407 4145 1464 4211 post

304 4221 399 4276 Christi
409 4225 523 4276 natalem
540 4222 700 4288 acciderunt,
717 4237 778 4274 cum
792 4223 875 4292 iisque
885 4222 1065 4278 Romanorum
1081 4239 1150 4278 eoas.
1161 4225 1256 4279 seriem
1267 4239 1418 4296 compares,
1433 4239 1463 4278 ns

304 4323 385 4360 unum
397 4309 501 4377 quidem
511 4323 611 4361 aunum
623 4307 712 4360 deesse
722 4307 866 4378 intelligas,
883 4308 980 4362 nedum
995 4315 1026 4362 ut
1041 4325 1099 4366 xm
1115 4309 1192 4365 solidi
1207 4311 1381 4381 praetermitti
1391 4317 1462 4383 pose

303 4393 377 4446 erint
400 4391 438 4444 Aa
449 4392 591 4462 sigeberti,
602 4393 714 4446 blasiani
724 4393 933 4465 reliquorumque
944 4395 971 4448 id
983 4409 1067 4465 genua
1078 4391 1297 4466 chronologorum
1307 4401 1424 4452 mantua
1433 4411 1462 4450 as

304 4477 441 4531 consilium
452 4491 542 4546 cepere
553 4493 668 4548 nequeo;
680 4478 726 4548 qui
737 4493 797 4532 cum
805 4479 992 4549 Dionysiam
1002 4495 1092 4534 aeram
1102 4485 1176 4535 muto
1187 4481 1251 4536 sltlo
1260 4481 1396 4537 foedatur
1405 4497 1460 4554 pas·

304 4561 355 4614 sim
366 4561 497 4626 occinent,
513 4563 546 4615 ab
562 4561 654 4618 eadem
668 4571 820 4621 tamennon
831 4563 962 4620 recedunt.
985 4565 1075 4635 ltaque
1085 4565 1220 4622 Marianus
1232 4583 1302 4623 suno
1314 4567 1392 4624 Urbis
1402 4583 1459 4624 oon·
