<?xml version="1.0" encoding="UTF-8"?>
<!DOCTYPE html PUBLIC "-//W3C//DTD XHTML 1.0 Transitional//EN"
    "http://www.w3.org/TR/xhtml1/DTD/xhtml1-transitional.dtd">
<html xmlns="http://www.w3.org/1999/xhtml" xml:lang="en" lang="en">
 <head>
  <title>
</title>
<meta http-equiv="Content-Type" content="text/html;charset=utf-8" />
  <meta name='ocr-system' content='tesseract 3.04.00' />
  <meta name='ocr-capabilities' content='ocr_page ocr_carea ocr_par ocr_line ocrx_word'/>
</head>
<body>
  <div class='ocr_page' id='page_1' title='image "./corporishaerese05oehlgoog_0244.png"; bbox 0 0 3126 5046; ppageno 0'>
   <div class='ocr_carea' id='block_1_1' title="bbox 1137 297 1273 358">
    <p class='ocr_par' dir='ltr' id='par_1_1' title="bbox 1137 297 1273 358">
     <span class='ocr_line' id='line_1_1' title="bbox 1137 297 1273 358; baseline 0 0"><span class='ocrx_word' id='word_1_1' title='bbox 1137 297 1273 358; x_wconf 74' lang='lat' dir='ltr'>couri</span> 
     </span>
    </p>
   </div>
   <div class='ocr_carea' id='block_1_2' title="bbox 101 452 1375 3685">
    <p class='ocr_par' dir='ltr' id='par_1_2' title="bbox 103 452 1275 716">
     <span class='ocr_line' id='line_1_2' title="bbox 172 452 1273 528; baseline 0 -20"><span class='ocrx_word' id='word_1_2' title='bbox 172 453 347 528; x_wconf 73' lang='grc' dir='ltr'><strong>Ἔποναμιισις</strong></span> <span class='ocrx_word' id='word_1_3' title='bbox 358 455 385 510; x_wconf 79' lang='grc' dir='ltr'><strong>δι</strong></span> <span class='ocrx_word' id='word_1_4' title='bbox 397 453 477 526; x_wconf 51' lang='lat' dir='ltr'>taurii</span> <span class='ocrx_word' id='word_1_5' title='bbox 490 453 518 508; x_wconf 85' lang='lat' dir='ltr'>rb</span> <span class='ocrx_word' id='word_1_6' title='bbox 532 457 576 508; x_wconf 79' lang='lat' dir='ltr'>reti</span> <span class='ocrx_word' id='word_1_7' title='bbox 588 452 680 524; x_wconf 67' lang='lat' dir='ltr'>bidan]</span> <span class='ocrx_word' id='word_1_8' title='bbox 696 453 766 510; x_wconf 74' lang='lat' dir='ltr'>diias</span> <span class='ocrx_word' id='word_1_9' title='bbox 777 454 805 508; x_wconf 88' lang='lat' dir='ltr'>iu</span> <span class='ocrx_word' id='word_1_10' title='bbox 814 453 905 510; x_wconf 82' lang='lat' dir='ltr'>Thiabi</span> <span class='ocrx_word' id='word_1_11' title='bbox 915 455 1010 508; x_wconf 83' lang='lat' dir='ltr'>mirum</span> <span class='ocrx_word' id='word_1_12' title='bbox 1022 469 1079 508; x_wconf 88' lang='lat' dir='ltr'>esse</span> <span class='ocrx_word' id='word_1_13' title='bbox 1091 453 1191 516; x_wconf 85' lang='lat' dir='ltr'>scribit,</span> <span class='ocrx_word' id='word_1_14' title='bbox 1204 454 1273 525; x_wconf 88' lang='lat' dir='ltr'>qnod</span> 
     </span>
     <span class='ocr_line' id='line_1_3' title="bbox 104 539 1275 632; baseline -0.003 -36"><span class='ocrx_word' id='word_1_15' title='bbox 104 558 165 596; x_wconf 87' lang='lat' dir='ltr'>cum</span> <span class='ocrx_word' id='word_1_16' title='bbox 181 541 271 596; x_wconf 89' lang='lat' dir='ltr'>ludaei</span> <span class='ocrx_word' id='word_1_17' title='bbox 285 547 369 632; x_wconf 60' lang='grc' dir='ltr'>ΓΜ</span> <span class='ocrx_word' id='word_1_18' title='bbox 383 551 478 594; x_wconf 78' lang='lat' dir='ltr'>vocent</span> <span class='ocrx_word' id='word_1_19' title='bbox 493 540 649 606; x_wconf 87' lang='lat' dir='ltr'>haereticos,</span> <span class='ocrx_word' id='word_1_20' title='bbox 664 541 692 594; x_wconf 89' lang='lat' dir='ltr'>iu</span> <span class='ocrx_word' id='word_1_21' title='bbox 711 539 869 596; x_wconf 85' lang='lat' dir='ltr'>Graecorum</span> <span class='ocrx_word' id='word_1_22' title='bbox 886 542 1080 594; x_wconf 88' lang='lat' dir='ltr'>commentariis</span> <span class='ocrx_word' id='word_1_23' title='bbox 1097 539 1223 610; x_wconf 82' lang='lat' dir='ltr'>scriptum</span> <span class='ocrx_word' id='word_1_24' title='bbox 1240 541 1275 594; x_wconf 87' lang='lat' dir='ltr'>sit</span> 
     </span>
     <span class='ocr_line' id='line_1_4' title="bbox 103 625 1230 716; baseline -0.002 -36"><span class='ocrx_word' id='word_1_25' title='bbox 103 625 262 680; x_wconf 88' lang='lat' dir='ltr'>haereticum</span> <span class='ocrx_word' id='word_1_26' title='bbox 274 625 404 698; x_wconf 88' lang='lat' dir='ltr'>quendam</span> <span class='ocrx_word' id='word_1_27' title='bbox 416 627 547 692; x_wconf 75' lang='lat' dir='ltr'>extitisse,</span> <span class='ocrx_word' id='word_1_28' title='bbox 560 626 605 698; x_wconf 88' lang='lat' dir='ltr'>qui</span> <span class='ocrx_word' id='word_1_29' title='bbox 615 625 707 680; x_wconf 83' lang='lat' dir='ltr'>hianes</span> <span class='ocrx_word' id='word_1_30' title='bbox 720 626 852 692; x_wconf 88' lang='lat' dir='ltr'>diceretur,</span> <span class='ocrx_word' id='word_1_31' title='bbox 865 627 973 696; x_wconf 88' lang='lat' dir='ltr'>eiusque</span> <span class='ocrx_word' id='word_1_32' title='bbox 986 629 1126 678; x_wconf 73' lang='lat' dir='ltr'>sectatores</span> <span class='ocrx_word' id='word_1_33' title='bbox 1137 628 1230 716; x_wconf 50' lang='lat' dir='ltr'>pasin.</span> 
     </span>
    </p>

    <p class='ocr_par' dir='ltr' id='par_1_3' title="bbox 103 707 1273 868">
     <span class='ocr_line' id='line_1_5' title="bbox 172 707 1273 783; baseline 0.001 -18"><span class='ocrx_word' id='word_1_34' title='bbox 172 707 221 774; x_wconf 80' lang='grc' dir='ltr'>Ὃς</span> <span class='ocrx_word' id='word_1_35' title='bbox 233 711 273 764; x_wconf 80' lang='lat' dir='ltr'>aui</span> <span class='ocrx_word' id='word_1_36' title='bbox 286 711 360 774; x_wconf 73' lang='grc' dir='ltr'><strong>αὖτὀς</strong></span> <span class='ocrx_word' id='word_1_37' title='bbox 373 711 463 774; x_wconf 80' lang='grc' dir='ltr'><strong>δοῦλος</strong></span> <span class='ocrx_word' id='word_1_38' title='bbox 475 710 570 783; x_wconf 74' lang='grc' dir='ltr'>ὑπῆρχε</span> <span class='ocrx_word' id='word_1_39' title='bbox 582 711 737 780; x_wconf 65' lang='lat' dir='ltr'>Extimuit]</span> <span class='ocrx_word' id='word_1_40' title='bbox 773 711 848 766; x_wconf 81' lang='lat' dir='ltr'>Errat</span> <span class='ocrx_word' id='word_1_41' title='bbox 859 711 948 782; x_wconf 86' lang='lat' dir='ltr'>itaque</span> <span class='ocrx_word' id='word_1_42' title='bbox 959 709 1149 776; x_wconf 66' lang='lat' dir='ltr'>theodoretus,</span> <span class='ocrx_word' id='word_1_43' title='bbox 1161 714 1205 780; x_wconf 87' lang='lat' dir='ltr'>qui</span> <span class='ocrx_word' id='word_1_44' title='bbox 1217 711 1273 766; x_wconf 86' lang='lat' dir='ltr'>Ma·</span> 
     </span>
     <span class='ocr_line' id='line_1_6' title="bbox 103 795 1273 868; baseline 0.001 -17"><span class='ocrx_word' id='word_1_45' title='bbox 103 815 155 852; x_wconf 90' lang='lat' dir='ltr'>nen</span> <span class='ocrx_word' id='word_1_46' title='bbox 168 813 228 852; x_wconf 85' lang='lat' dir='ltr'>cuna</span> <span class='ocrx_word' id='word_1_47' title='bbox 240 795 381 868; x_wconf 73' lang='lat' dir='ltr'>Scythiano</span> <span class='ocrx_word' id='word_1_48' title='bbox 394 797 543 863; x_wconf 79' lang='lat' dir='ltr'>confundit,</span> <span class='ocrx_word' id='word_1_49' title='bbox 555 803 584 850; x_wconf 88' lang='lat' dir='ltr'>nt</span> <span class='ocrx_word' id='word_1_50' title='bbox 596 803 622 850; x_wconf 90' lang='lat' dir='ltr'>et</span> <span class='ocrx_word' id='word_1_51' title='bbox 630 796 738 862; x_wconf 84' lang='lat' dir='ltr'>Suidas,</span> <span class='ocrx_word' id='word_1_52' title='bbox 750 813 811 850; x_wconf 88' lang='lat' dir='ltr'>cum</span> <span class='ocrx_word' id='word_1_53' title='bbox 823 802 895 850; x_wconf 87' lang='lat' dir='ltr'>tanto</span> <span class='ocrx_word' id='word_1_54' title='bbox 908 802 969 850; x_wconf 87' lang='lat' dir='ltr'>ante</span> <span class='ocrx_word' id='word_1_55' title='bbox 981 795 1138 866; x_wconf 79' lang='lat' dir='ltr'>Scythianus</span> <span class='ocrx_word' id='word_1_56' title='bbox 1150 798 1273 852; x_wconf 82' lang='lat' dir='ltr'>extiterit</span> 
     </span>
    </p>

    <p class='ocr_par' dir='ltr' id='par_1_4' title="bbox 103 879 1275 1468">
     <span class='ocr_line' id='line_1_7' title="bbox 172 879 1275 956; baseline -0.001 -19"><span class='ocrx_word' id='word_1_57' title='bbox 172 881 204 937; x_wconf 83' lang='lat'>‘0</span> <span class='ocrx_word' id='word_1_58' title='bbox 217 882 260 956; x_wconf 78' lang='lat' dir='ltr'>pta</span> <span class='ocrx_word' id='word_1_59' title='bbox 272 879 303 945; x_wconf 81' lang='grc' dir='ltr'><strong>εις</strong></span> <span class='ocrx_word' id='word_1_60' title='bbox 315 881 354 936; x_wconf 76' lang='lat' dir='ltr'>iri</span> <span class='ocrx_word' id='word_1_61' title='bbox 366 881 409 950; x_wconf 72' lang='grc' dir='ltr'>τὴν</span> <span class='ocrx_word' id='word_1_62' title='bbox 419 879 515 952; x_wconf 59' lang='lat' dir='ltr'>aab]</span> <span class='ocrx_word' id='word_1_63' title='bbox 546 881 603 938; x_wconf 85' lang='lat' dir='ltr'><strong>Lib.</strong></span> <span class='ocrx_word' id='word_1_64' title='bbox 613 900 653 938; x_wconf 94' lang='grc' dir='ltr'><strong>ιιι.</strong></span> <span class='ocrx_word' id='word_1_65' title='bbox 671 881 737 953; x_wconf 84' lang='lat' dir='ltr'>Reg.</span> <span class='ocrx_word' id='word_1_66' title='bbox 756 898 812 952; x_wconf 84' lang='lat' dir='ltr'>cap.</span> <span class='ocrx_word' id='word_1_67' title='bbox 823 899 866 948; x_wconf 82' lang='lat' dir='ltr'>rr,</span> <span class='ocrx_word' id='word_1_68' title='bbox 883 881 924 937; x_wconf 79' lang='lat'>26.</span> <span class='ocrx_word' id='word_1_69' title='bbox 961 880 1076 936; x_wconf 77' lang='lat' dir='ltr'>Classem</span> <span class='ocrx_word' id='word_1_70' title='bbox 1093 898 1197 952; x_wconf 84' lang='lat' dir='ltr'>qnoque</span> <span class='ocrx_word' id='word_1_71' title='bbox 1212 881 1275 936; x_wconf 86' lang='lat' dir='ltr'>iecit</span> 
     </span>
     <span class='ocr_line' id='line_1_8' title="bbox 103 966 1274 1040; baseline -0.003 -17"><span class='ocrx_word' id='word_1_72' title='bbox 103 969 162 1023; x_wconf 82' lang='lat' dir='ltr'>Rex</span> <span class='ocrx_word' id='word_1_73' title='bbox 173 968 297 1024; x_wconf 83' lang='lat' dir='ltr'>Salomon</span> <span class='ocrx_word' id='word_1_74' title='bbox 309 971 337 1024; x_wconf 92' lang='lat' dir='ltr'>in</span> <span class='ocrx_word' id='word_1_75' title='bbox 348 969 532 1039; x_wconf 76' lang='lat' dir='ltr'>heieu-gaber,</span> <span class='ocrx_word' id='word_1_76' title='bbox 545 984 613 1040; x_wconf 86' lang='lat' dir='ltr'>quae</span> <span class='ocrx_word' id='word_1_77' title='bbox 624 973 666 1022; x_wconf 88' lang='lat' dir='ltr'>est</span> <span class='ocrx_word' id='word_1_78' title='bbox 676 968 751 1022; x_wconf 87' lang='lat' dir='ltr'>iuxta</span> <span class='ocrx_word' id='word_1_79' title='bbox 761 966 855 1020; x_wconf 83' lang='lat' dir='ltr'>Aeiath</span> <span class='ocrx_word' id='word_1_80' title='bbox 867 967 894 1020; x_wconf 90' lang='lat' dir='ltr'>in</span> <span class='ocrx_word' id='word_1_81' title='bbox 905 967 980 1020; x_wconf 88' lang='lat' dir='ltr'>litore</span> <span class='ocrx_word' id='word_1_82' title='bbox 992 968 1072 1022; x_wconf 86' lang='lat' dir='ltr'>maris</span> <span class='ocrx_word' id='word_1_83' title='bbox 1084 967 1155 1020; x_wconf 83' lang='lat' dir='ltr'><strong>rubri</strong></span> <span class='ocrx_word' id='word_1_84' title='bbox 1166 968 1193 1020; x_wconf 94' lang='lat' dir='ltr'>in</span> <span class='ocrx_word' id='word_1_85' title='bbox 1205 973 1274 1020; x_wconf 89' lang='lat' dir='ltr'>terra</span> 
     </span>
     <span class='ocr_line' id='line_1_9' title="bbox 103 1050 1270 1125; baseline 0 -19"><span class='ocrx_word' id='word_1_86' title='bbox 103 1053 251 1110; x_wconf 85' lang='lat' dir='ltr'>idumaeae.</span> <span class='ocrx_word' id='word_1_87' title='bbox 269 1071 331 1110; x_wconf 83' lang='lat' dir='ltr'>uxr.</span> <span class='ocrx_word' id='word_1_88' title='bbox 350 1050 435 1124; x_wconf 74' lang='lat' dir='ltr'>auia,</span> <span class='ocrx_word' id='word_1_89' title='bbox 447 1069 500 1108; x_wconf 90' lang='lat' dir='ltr'>non</span> <span class='ocrx_word' id='word_1_90' title='bbox 511 1051 600 1106; x_wconf 73' lang='lat' dir='ltr'>abbo.</span> <span class='ocrx_word' id='word_1_91' title='bbox 618 1053 744 1125; x_wconf 91' lang='lat' dir='ltr'>Iosephus</span> <span class='ocrx_word' id='word_1_92' title='bbox 755 1053 800 1106; x_wconf 88' lang='lat' dir='ltr'>lib.</span> <span class='ocrx_word' id='word_1_93' title='bbox 810 1071 866 1108; x_wconf 84' lang='lat' dir='ltr'>rm.</span> <span class='ocrx_word' id='word_1_94' title='bbox 877 1069 934 1123; x_wconf 87' lang='lat' dir='ltr'>cap.</span> <span class='ocrx_word' id='word_1_95' title='bbox 943 1071 979 1108; x_wconf 85' lang='lat' dir='ltr'>vr.</span> <span class='ocrx_word' id='word_1_96' title='bbox 991 1053 1153 1123; x_wconf 79' lang='lat' dir='ltr'>dsiongaber</span> <span class='ocrx_word' id='word_1_97' title='bbox 1169 1053 1206 1106; x_wconf 88' lang='lat' dir='ltr'>ait</span> <span class='ocrx_word' id='word_1_98' title='bbox 1221 1052 1270 1107; x_wconf 87' lang='lat' dir='ltr'>Be-</span> 
     </span>
     <span class='ocr_line' id='line_1_10' title="bbox 103 1136 1273 1212; baseline -0.002 -18"><span class='ocrx_word' id='word_1_99' title='bbox 103 1141 209 1194; x_wconf 86' lang='lat' dir='ltr'>renicen</span> <span class='ocrx_word' id='word_1_100' title='bbox 224 1140 325 1208; x_wconf 89' lang='lat' dir='ltr'>rocari,</span> <span class='ocrx_word' id='word_1_101' title='bbox 343 1138 412 1194; x_wconf 92' lang='lat' dir='ltr'>haud</span> <span class='ocrx_word' id='word_1_102' title='bbox 428 1141 519 1212; x_wconf 91' lang='lat' dir='ltr'>procul</span> <span class='ocrx_word' id='word_1_103' title='bbox 534 1139 617 1194; x_wconf 86' lang='lat' dir='ltr'>Elana</span> <span class='ocrx_word' id='word_1_104' title='bbox 633 1139 706 1194; x_wconf 89' lang='lat' dir='ltr'>urbe.</span> <span class='ocrx_word' id='word_1_105' title='bbox 740 1138 792 1192; x_wconf 82' lang='lat' dir='ltr'>Sed</span> <span class='ocrx_word' id='word_1_106' title='bbox 809 1136 983 1192; x_wconf 71' lang='lat' dir='ltr'>hallucinatus</span> <span class='ocrx_word' id='word_1_107' title='bbox 1001 1144 1053 1204; x_wconf 88' lang='lat' dir='ltr'>est,</span> <span class='ocrx_word' id='word_1_108' title='bbox 1070 1144 1100 1191; x_wconf 89' lang='lat' dir='ltr'>nt</span> <span class='ocrx_word' id='word_1_109' title='bbox 1117 1139 1215 1208; x_wconf 90' lang='lat' dir='ltr'>opinor,</span> <span class='ocrx_word' id='word_1_110' title='bbox 1232 1137 1273 1192; x_wconf 91' lang='lat' dir='ltr'>io·</span> 
     </span>
     <span class='ocr_line' id='line_1_11' title="bbox 103 1223 1274 1296; baseline 0 -18"><span class='ocrx_word' id='word_1_111' title='bbox 103 1223 207 1296; x_wconf 84' lang='lat' dir='ltr'>sophus.</span> <span class='ocrx_word' id='word_1_112' title='bbox 241 1224 309 1280; x_wconf 81' lang='lat' dir='ltr'>Nam</span> <span class='ocrx_word' id='word_1_113' title='bbox 321 1225 495 1296; x_wconf 73' lang='lat' dir='ltr'>Arion-gaber</span> <span class='ocrx_word' id='word_1_114' title='bbox 509 1225 537 1278; x_wconf 89' lang='lat' dir='ltr'>in</span> <span class='ocrx_word' id='word_1_115' title='bbox 553 1225 677 1279; x_wconf 90' lang='lat' dir='ltr'>Idumaea</span> <span class='ocrx_word' id='word_1_116' title='bbox 691 1225 804 1296; x_wconf 90' lang='lat' dir='ltr'>ponitur.</span> <span class='ocrx_word' id='word_1_117' title='bbox 839 1223 964 1278; x_wconf 86' lang='lat' dir='ltr'>Berenice</span> <span class='ocrx_word' id='word_1_118' title='bbox 975 1241 1037 1278; x_wconf 84' lang='lat' dir='ltr'>reru</span> <span class='ocrx_word' id='word_1_119' title='bbox 1053 1223 1230 1278; x_wconf 86' lang='lat' dir='ltr'>aPtolemaeo</span> <span class='ocrx_word' id='word_1_120' title='bbox 1245 1226 1274 1278; x_wconf 93' lang='lat' dir='ltr'>in</span> 
     </span>
     <span class='ocr_line' id='line_1_12' title="bbox 103 1309 1274 1382; baseline 0 -18"><span class='ocrx_word' id='word_1_121' title='bbox 103 1309 191 1364; x_wconf 77' lang='lat' dir='ltr'>Africa</span> <span class='ocrx_word' id='word_1_122' title='bbox 203 1310 272 1380; x_wconf 91' lang='lat' dir='ltr'>ipsa,</span> <span class='ocrx_word' id='word_1_123' title='bbox 284 1311 364 1382; x_wconf 84' lang='lat' dir='ltr'>longe</span> <span class='ocrx_word' id='word_1_124' title='bbox 375 1311 500 1382; x_wconf 86' lang='lat' dir='ltr'>superior,</span> <span class='ocrx_word' id='word_1_125' title='bbox 513 1326 542 1364; x_wconf 91' lang='lat' dir='ltr'>ac</span> <span class='ocrx_word' id='word_1_126' title='bbox 552 1309 709 1364; x_wconf 86' lang='lat' dir='ltr'>Thebaidem</span> <span class='ocrx_word' id='word_1_127' title='bbox 722 1327 755 1364; x_wconf 82' lang='lat' dir='ltr'>ex</span> <span class='ocrx_word' id='word_1_128' title='bbox 768 1310 878 1364; x_wconf 82' lang='lat' dir='ltr'>adverso</span> <span class='ocrx_word' id='word_1_129' title='bbox 889 1310 1043 1382; x_wconf 80' lang='lat' dir='ltr'>respiciens,</span> <span class='ocrx_word' id='word_1_130' title='bbox 1056 1309 1124 1379; x_wconf 87' lang='lat' dir='ltr'>quod</span> <span class='ocrx_word' id='word_1_131' title='bbox 1137 1309 1274 1382; x_wconf 80' lang='lat' dir='ltr'>Epiphanii</span> 
     </span>
     <span class='ocr_line' id='line_1_13' title="bbox 103 1395 1197 1468; baseline 0 -20"><span class='ocrx_word' id='word_1_132' title='bbox 103 1395 272 1466; x_wconf 72' lang='lat' dir='ltr'>descriptioni</span> <span class='ocrx_word' id='word_1_133' title='bbox 283 1397 416 1468; x_wconf 72' lang='lat' dir='ltr'>congruit,</span> <span class='ocrx_word' id='word_1_134' title='bbox 428 1396 473 1467; x_wconf 90' lang='lat' dir='ltr'>qui</span> <span class='ocrx_word' id='word_1_135' title='bbox 484 1395 626 1450; x_wconf 82' lang='lat' dir='ltr'>Berenicen</span> <span class='ocrx_word' id='word_1_136' title='bbox 637 1396 742 1450; x_wconf 87' lang='lat' dir='ltr'>tertium</span> <span class='ocrx_word' id='word_1_137' title='bbox 754 1395 836 1450; x_wconf 84' lang='lat' dir='ltr'>Rubri</span> <span class='ocrx_word' id='word_1_138' title='bbox 847 1397 926 1450; x_wconf 90' lang='lat' dir='ltr'>maris</span> <span class='ocrx_word' id='word_1_139' title='bbox 938 1401 1043 1466; x_wconf 89' lang='lat' dir='ltr'>portum</span> <span class='ocrx_word' id='word_1_140' title='bbox 1055 1401 1197 1448; x_wconf 80' lang='lat' dir='ltr'>enumerat</span> 
     </span>
    </p>

    <p class='ocr_par' dir='ltr' id='par_1_5' title="bbox 170 1477 1046 1552">
     <span class='ocr_line' id='line_1_14' title="bbox 170 1477 1046 1552; baseline -0.005 -18"><span class='ocrx_word' id='word_1_141' title='bbox 170 1480 203 1534; x_wconf 83' lang='lat' dir='ltr'>N.</span> <span class='ocrx_word' id='word_1_142' title='bbox 214 1500 243 1536; x_wconf 91' lang='grc' dir='ltr'>ιι.</span> <span class='ocrx_word' id='word_1_143' title='bbox 268 1478 310 1543; x_wconf 76' lang='grc' dir='ltr'>Εἰς</span> <span class='ocrx_word' id='word_1_144' title='bbox 321 1479 424 1551; x_wconf 76' lang='grc' dir='ltr'><strong>Ὗψιλὴν</strong></span> <span class='ocrx_word' id='word_1_145' title='bbox 436 1479 527 1552; x_wconf 72' lang='lat' dir='ltr'>ruditu]</span> <span class='ocrx_word' id='word_1_146' title='bbox 551 1479 699 1552; x_wconf 77' lang='lat' dir='ltr'>Stephanus</span> <span class='ocrx_word' id='word_1_147' title='bbox 710 1477 817 1550; x_wconf 79' lang='grc' dir='ltr'><strong>Ὕψηλις</strong></span> <span class='ocrx_word' id='word_1_148' title='bbox 830 1480 902 1551; x_wconf 75' lang='grc' dir='ltr'>κώμη</span> <span class='ocrx_word' id='word_1_149' title='bbox 914 1477 1046 1550; x_wconf 78' lang='grc' dir='ltr'><strong>Αἰγύπτου.</strong></span> 
     </span>
    </p>

    <p class='ocr_par' dir='ltr' id='par_1_6' title="bbox 102 1565 1375 1807">
     <span class='ocr_line' id='line_1_15' title="bbox 171 1565 1375 1636; baseline 0.007 -18"><span class='ocrx_word' id='word_1_150' title='bbox 171 1565 219 1618; x_wconf 80' lang='lat' dir='ltr'>liei</span> <span class='ocrx_word' id='word_1_151' title='bbox 228 1565 327 1636; x_wconf 75' lang='grc' dir='ltr'><strong>βίβλους</strong></span> <span class='ocrx_word' id='word_1_152' title='bbox 338 1565 478 1636; x_wconf 66' lang='lat' dir='ltr'>deceptu]</span> <span class='ocrx_word' id='word_1_153' title='bbox 497 1565 572 1636; x_wconf 80' lang='lat' dir='ltr'>Apud</span> <span class='ocrx_word' id='word_1_154' title='bbox 584 1565 692 1620; x_wconf 83' lang='lat' dir='ltr'>Suidam</span> <span class='ocrx_word' id='word_1_155' title='bbox 704 1583 730 1620; x_wconf 85' lang='grc' dir='ltr'>ιι</span> <span class='ocrx_word' id='word_1_156' title='bbox 742 1565 868 1620; x_wconf 85' lang='lat' dir='ltr'>librorum</span> <span class='ocrx_word' id='word_1_157' title='bbox 879 1566 989 1620; x_wconf 87' lang='lat' dir='ltr'>istorum</span> <span class='ocrx_word' id='word_1_158' title='bbox 1001 1570 1076 1618; x_wconf 88' lang='lat' dir='ltr'>autor</span> <span class='ocrx_word' id='word_1_159' title='bbox 1087 1565 1169 1619; x_wconf 81' lang='lat' dir='ltr'>fuisse</span> <span class='ocrx_word' id='word_1_160' title='bbox 1180 1567 1274 1621; x_wconf 82' lang='lat' dir='ltr'>dicitnr</span> <span class='ocrx_word' id='word_1_161' title='bbox 1298 1595 1320 1636; x_wconf 74' lang='lat' dir='ltr'>p.</span> <span class='ocrx_word' id='word_1_162' title='bbox 1329 1581 1375 1626; x_wconf 76' lang='lat' dir='ltr'>ate</span> 
     </span>
     <span class='ocr_line' id='line_1_16' title="bbox 103 1649 1272 1723; baseline -0.001 -17"><span class='ocrx_word' id='word_1_163' title='bbox 103 1650 291 1717; x_wconf 82' lang='lat' dir='ltr'>Terebinthna,</span> <span class='ocrx_word' id='word_1_164' title='bbox 307 1651 362 1705; x_wconf 84' lang='lat' dir='ltr'>sira</span> <span class='ocrx_word' id='word_1_165' title='bbox 380 1649 499 1717; x_wconf 88' lang='lat' dir='ltr'>Buddas,</span> <span class='ocrx_word' id='word_1_166' title='bbox 516 1668 626 1723; x_wconf 89' lang='lat' dir='ltr'>quorum</span> <span class='ocrx_word' id='word_1_167' title='bbox 644 1651 723 1705; x_wconf 87' lang='lat' dir='ltr'>etiam</span> <span class='ocrx_word' id='word_1_168' title='bbox 741 1649 803 1704; x_wconf 88' lang='lat' dir='ltr'>ordo</span> <span class='ocrx_word' id='word_1_169' title='bbox 819 1651 895 1704; x_wconf 86' lang='lat' dir='ltr'>aliter</span> <span class='ocrx_word' id='word_1_170' title='bbox 907 1650 1059 1706; x_wconf 88' lang='lat' dir='ltr'>instituitur.</span> <span class='ocrx_word' id='word_1_171' title='bbox 1095 1649 1162 1704; x_wconf 87' lang='lat' dir='ltr'>Nam</span> <span class='ocrx_word' id='word_1_172' title='bbox 1173 1652 1272 1721; x_wconf 86' lang='lat' dir='ltr'>primus</span> 
     </span>
     <span class='ocr_line' id='line_1_17' title="bbox 102 1734 1096 1807; baseline -0.002 -17"><span class='ocrx_word' id='word_1_173' title='bbox 102 1737 301 1806; x_wconf 76' lang='lat' dir='ltr'>mysteriorum,</span> <span class='ocrx_word' id='word_1_174' title='bbox 313 1736 443 1800; x_wconf 82' lang='lat' dir='ltr'>secundus</span> <span class='ocrx_word' id='word_1_175' title='bbox 455 1737 598 1807; x_wconf 80' lang='lat' dir='ltr'>evangelii,</span> <span class='ocrx_word' id='word_1_176' title='bbox 610 1737 701 1790; x_wconf 89' lang='lat' dir='ltr'>tertius</span> <span class='ocrx_word' id='word_1_177' title='bbox 714 1734 842 1801; x_wconf 89' lang='lat' dir='ltr'>thesauri,</span> <span class='ocrx_word' id='word_1_178' title='bbox 855 1741 962 1806; x_wconf 87' lang='lat' dir='ltr'>quartus</span> <span class='ocrx_word' id='word_1_179' title='bbox 974 1737 1096 1806; x_wconf 88' lang='lat' dir='ltr'>capitum.</span> 
     </span>
    </p>

    <p class='ocr_par' dir='ltr' id='par_1_7' title="bbox 102 1819 1273 2150">
     <span class='ocr_line' id='line_1_18' title="bbox 171 1819 1272 1892; baseline -0.003 -15"><span class='ocrx_word' id='word_1_180' title='bbox 171 1821 203 1877; x_wconf 87' lang='lat' dir='ltr'>N.</span> <span class='ocrx_word' id='word_1_181' title='bbox 215 1840 254 1877; x_wconf 92' lang='grc' dir='ltr'><strong>ιιι.</strong></span> <span class='ocrx_word' id='word_1_182' title='bbox 278 1821 336 1892; x_wconf 80' lang='grc' dir='ltr'><strong>Περι</strong></span> <span class='ocrx_word' id='word_1_183' title='bbox 348 1826 400 1882; x_wconf 80' lang='grc' dir='ltr'><strong>τοις</strong></span> <span class='ocrx_word' id='word_1_184' title='bbox 411 1823 510 1892; x_wconf 75' lang='grc' dir='ltr'><strong>χρόνοις</strong></span> <span class='ocrx_word' id='word_1_185' title='bbox 523 1819 752 1888; x_wconf 64' lang='lat' dir='ltr'>restrueretur]</span> <span class='ocrx_word' id='word_1_186' title='bbox 788 1821 929 1874; x_wconf 85' lang='lat' dir='ltr'>Commode</span> <span class='ocrx_word' id='word_1_187' title='bbox 944 1821 1015 1874; x_wconf 89' lang='lat' dir='ltr'>istud</span> <span class='ocrx_word' id='word_1_188' title='bbox 1032 1820 1211 1892; x_wconf 89' lang='lat' dir='ltr'>accipiendum</span> <span class='ocrx_word' id='word_1_189' title='bbox 1224 1825 1272 1885; x_wconf 88' lang='lat' dir='ltr'>eat,</span> 
     </span>
     <span class='ocr_line' id='line_1_19' title="bbox 104 1905 1273 1979; baseline -0.001 -19"><span class='ocrx_word' id='word_1_190' title='bbox 104 1913 132 1960; x_wconf 93' lang='lat' dir='ltr'>nt</span> <span class='ocrx_word' id='word_1_191' title='bbox 143 1906 322 1978; x_wconf 88' lang='lat' dir='ltr'>apostolorum</span> <span class='ocrx_word' id='word_1_192' title='bbox 334 1913 452 1979; x_wconf 87' lang='lat' dir='ltr'>tempora</span> <span class='ocrx_word' id='word_1_193' title='bbox 460 1913 548 1972; x_wconf 74' lang='lat' dir='ltr'>vocet,</span> <span class='ocrx_word' id='word_1_194' title='bbox 561 1923 627 1976; x_wconf 85' lang='lat' dir='ltr'>qnae</span> <span class='ocrx_word' id='word_1_195' title='bbox 639 1907 690 1960; x_wconf 84' lang='lat' dir='ltr'>iiiia</span> <span class='ocrx_word' id='word_1_196' title='bbox 701 1906 824 1978; x_wconf 91' lang='lat' dir='ltr'>proxima</span> <span class='ocrx_word' id='word_1_197' title='bbox 835 1913 904 1962; x_wconf 88' lang='lat' dir='ltr'>sunt.</span> <span class='ocrx_word' id='word_1_198' title='bbox 921 1905 988 1958; x_wconf 88' lang='lat' dir='ltr'>Nam</span> <span class='ocrx_word' id='word_1_199' title='bbox 1000 1913 1029 1960; x_wconf 91' lang='lat' dir='ltr'>ut</span> <span class='ocrx_word' id='word_1_200' title='bbox 1040 1907 1172 1976; x_wconf 85' lang='lat' dir='ltr'>apostolos</span> <span class='ocrx_word' id='word_1_201' title='bbox 1181 1905 1273 1960; x_wconf 82' lang='lat' dir='ltr'>uiderit</span> 
     </span>
     <span class='ocr_line' id='line_1_20' title="bbox 103 1989 1272 2064; baseline 0.002 -20"><span class='ocrx_word' id='word_1_202' title='bbox 103 1990 261 2062; x_wconf 72' lang='lat' dir='ltr'>Scythianus</span> <span class='ocrx_word' id='word_1_203' title='bbox 273 2009 439 2064; x_wconf 87' lang='lat' dir='ltr'>nequaquam</span> <span class='ocrx_word' id='word_1_204' title='bbox 455 1991 585 2064; x_wconf 91' lang='lat' dir='ltr'>procedit,</span> <span class='ocrx_word' id='word_1_205' title='bbox 601 1993 640 2046; x_wconf 90' lang='lat' dir='ltr'>uti</span> <span class='ocrx_word' id='word_1_206' title='bbox 657 1998 749 2064; x_wconf 87' lang='lat' dir='ltr'>postea</span> <span class='ocrx_word' id='word_1_207' title='bbox 764 1991 907 2058; x_wconf 88' lang='lat' dir='ltr'>constabit,</span> <span class='ocrx_word' id='word_1_208' title='bbox 924 2007 983 2045; x_wconf 86' lang='lat' dir='ltr'>cum</span> <span class='ocrx_word' id='word_1_209' title='bbox 1000 1991 1031 2046; x_wconf 92' lang='lat' dir='ltr'>de</span> <span class='ocrx_word' id='word_1_210' title='bbox 1047 1989 1193 2046; x_wconf 73' lang='lat' dir='ltr'>Manichaei</span> <span class='ocrx_word' id='word_1_211' title='bbox 1207 1997 1272 2046; x_wconf 86' lang='lat' dir='ltr'>tem·</span> 
     </span>
     <span class='ocr_line' id='line_1_21' title="bbox 102 2069 727 2150; baseline -0.003 -18"><span class='ocrx_word' id='word_1_212' title='bbox 102 2095 167 2150; x_wconf 90' lang='lat' dir='ltr'>pore</span> <span class='ocrx_word' id='word_1_213' title='bbox 178 2077 360 2150; x_wconf 88' lang='lat' dir='ltr'>disputabitur.</span> <span class='ocrx_word' id='word_1_214' title='bbox 722 2069 727 2084; x_wconf 68' lang='grc'><em>“</em></span> 
     </span>
    </p>

    <p class='ocr_par' dir='ltr' id='par_1_8' title="bbox 171 2156 1009 2234">
     <span class='ocr_line' id='line_1_22' title="bbox 171 2156 1009 2234; baseline -0.001 -18"><span class='ocrx_word' id='word_1_215' title='bbox 171 2163 202 2218; x_wconf 87' lang='lat' dir='ltr'>N.</span> <span class='ocrx_word' id='word_1_216' title='bbox 215 2181 252 2218; x_wconf 92' lang='grc' dir='ltr'>ιι.</span> <span class='ocrx_word' id='word_1_217' title='bbox 274 2161 369 2234; x_wconf 79' lang='lat' dir='ltr'>’iipipu</span> <span class='ocrx_word' id='word_1_218' title='bbox 381 2165 433 2224; x_wconf 78' lang='grc' dir='ltr'>πῶς</span> <span class='ocrx_word' id='word_1_219' title='bbox 446 2161 470 2214; x_wconf 83' lang='grc' dir='ltr'><strong>ιν</strong></span> <span class='ocrx_word' id='word_1_220' title='bbox 482 2156 504 2233; x_wconf 76' lang='grc' dir='ltr'><strong>ᾧ</strong></span> <span class='ocrx_word' id='word_1_221' title='bbox 517 2159 618 2232; x_wconf 65' lang='grc' dir='ltr'>ἑαυτῷ]</span> <span class='ocrx_word' id='word_1_222' title='bbox 642 2161 713 2216; x_wconf 83' lang='lat' dir='ltr'>Gerr.</span> <span class='ocrx_word' id='word_1_223' title='bbox 724 2159 804 2232; x_wconf 65' lang='grc' dir='ltr'>ἠρέμα</span> <span class='ocrx_word' id='word_1_224' title='bbox 815 2163 876 2222; x_wconf 77' lang='grc' dir='ltr'>πῶς·</span> <span class='ocrx_word' id='word_1_225' title='bbox 890 2157 914 2212; x_wconf 75' lang='grc' dir='ltr'>ἓν</span> <span class='ocrx_word' id='word_1_226' title='bbox 927 2156 949 2232; x_wconf 82' lang='grc' dir='ltr'>ᾧ</span> <span class='ocrx_word' id='word_1_227' title='bbox 961 2165 1009 2216; x_wconf 93' lang='lat' dir='ltr'>etc.</span> 
     </span>
    </p>

    <p class='ocr_par' dir='ltr' id='par_1_9' title="bbox 103 2246 1273 2476">
     <span class='ocr_line' id='line_1_23' title="bbox 170 2246 1273 2318; baseline 0 -16"><span class='ocrx_word' id='word_1_228' title='bbox 170 2247 202 2302; x_wconf 79' lang='lat' dir='ltr'>N.</span> <span class='ocrx_word' id='word_1_229' title='bbox 214 2267 261 2304; x_wconf 89' lang='grc' dir='ltr'><strong>ιιι.</strong></span> <span class='ocrx_word' id='word_1_230' title='bbox 285 2247 329 2300; x_wconf 75' lang='lat' dir='ltr'>Ab</span> <span class='ocrx_word' id='word_1_231' title='bbox 342 2247 412 2301; x_wconf 75' lang='lat' dir='ltr'>edroi</span> <span class='ocrx_word' id='word_1_232' title='bbox 424 2246 447 2300; x_wconf 88' lang='lat' dir='ltr'>oi</span> <span class='ocrx_word' id='word_1_233' title='bbox 459 2247 614 2318; x_wconf 68' lang='grc' dir='ltr'><strong>Μανιχαῖοι]</strong></span> <span class='ocrx_word' id='word_1_234' title='bbox 649 2247 721 2302; x_wconf 79' lang='lat' dir='ltr'>Vetti</span> <span class='ocrx_word' id='word_1_235' title='bbox 732 2253 832 2318; x_wconf 87' lang='lat' dir='ltr'>potest:</span> <span class='ocrx_word' id='word_1_236' title='bbox 857 2247 892 2302; x_wconf 85' lang='lat' dir='ltr'>Ob</span> <span class='ocrx_word' id='word_1_237' title='bbox 905 2249 934 2300; x_wconf 85' lang='lat' dir='ltr'>id</span> <span class='ocrx_word' id='word_1_238' title='bbox 944 2247 1098 2300; x_wconf 81' lang='lat' dir='ltr'>dlaar&#39;cbaei</span> <span class='ocrx_word' id='word_1_239' title='bbox 1107 2265 1184 2318; x_wconf 82' lang='lat' dir='ltr'>super</span> <span class='ocrx_word' id='word_1_240' title='bbox 1196 2268 1273 2302; x_wconf 68' lang='lat' dir='ltr'>aruir·</span> 
     </span>
     <span class='ocr_line' id='line_1_24' title="bbox 103 2332 1271 2406; baseline 0.003 -20"><span class='ocrx_word' id='word_1_241' title='bbox 103 2337 176 2388; x_wconf 78' lang='lat' dir='ltr'>diaes</span> <span class='ocrx_word' id='word_1_242' title='bbox 188 2335 290 2390; x_wconf 82' lang='lat' dir='ltr'>cubant.</span> <span class='ocrx_word' id='word_1_243' title='bbox 319 2333 386 2388; x_wconf 85' lang='lat' dir='ltr'>Nam</span> <span class='ocrx_word' id='word_1_244' title='bbox 398 2333 523 2386; x_wconf 79' lang='lat' dir='ltr'>hlottarii</span> <span class='ocrx_word' id='word_1_245' title='bbox 532 2341 671 2406; x_wconf 91' lang='lat' dir='ltr'>propterea</span> <span class='ocrx_word' id='word_1_246' title='bbox 682 2333 757 2397; x_wconf 90' lang='lat' dir='ltr'>dicti,</span> <span class='ocrx_word' id='word_1_247' title='bbox 771 2333 840 2402; x_wconf 90' lang='lat' dir='ltr'>quod</span> <span class='ocrx_word' id='word_1_248' title='bbox 853 2333 878 2386; x_wconf 92' lang='lat' dir='ltr'>in</span> <span class='ocrx_word' id='word_1_249' title='bbox 891 2333 979 2386; x_wconf 89' lang='lat' dir='ltr'>mattis</span> <span class='ocrx_word' id='word_1_250' title='bbox 992 2332 1140 2388; x_wconf 89' lang='lat' dir='ltr'>dormirent.</span> <span class='ocrx_word' id='word_1_251' title='bbox 1165 2333 1233 2406; x_wconf 76' lang='lat' dir='ltr'>hug.</span> <span class='ocrx_word' id='word_1_252' title='bbox 1246 2353 1271 2390; x_wconf 81' lang='lat' dir='ltr'>r.</span> 
     </span>
     <span class='ocr_line' id='line_1_25' title="bbox 104 2417 428 2476; baseline 0.012 -4"><span class='ocrx_word' id='word_1_253' title='bbox 104 2435 162 2472; x_wconf 89' lang='lat' dir='ltr'>cen.</span> <span class='ocrx_word' id='word_1_254' title='bbox 174 2417 302 2473; x_wconf 82' lang='lat' dir='ltr'>Faustum</span> <span class='ocrx_word' id='word_1_255' title='bbox 313 2419 428 2476; x_wconf 81' lang='lat' dir='ltr'>Manicb.</span> 
     </span>
    </p>

    <p class='ocr_par' dir='ltr' id='par_1_10' title="bbox 101 2501 1273 2828">
     <span class='ocr_line' id='line_1_26' title="bbox 171 2501 1272 2576; baseline 0.001 -20"><span class='ocrx_word' id='word_1_256' title='bbox 171 2501 263 2575; x_wconf 79' lang='grc' dir='ltr'><strong>θωμᾶς</strong></span> <span class='ocrx_word' id='word_1_257' title='bbox 275 2502 301 2556; x_wconf 83' lang='grc' dir='ltr'><strong>δι</strong></span> <span class='ocrx_word' id='word_1_258' title='bbox 319 2501 358 2556; x_wconf 73' lang='lat' dir='ltr'>dai</span> <span class='ocrx_word' id='word_1_259' title='bbox 369 2502 413 2572; x_wconf 72' lang='grc' dir='ltr'>τὴν</span> <span class='ocrx_word' id='word_1_260' title='bbox 424 2503 567 2573; x_wconf 66' lang='grc' dir='ltr'>Ἰουδαίαν]</span> <span class='ocrx_word' id='word_1_261' title='bbox 603 2503 792 2575; x_wconf 75' lang='lat' dir='ltr'>corrigendum</span> <span class='ocrx_word' id='word_1_262' title='bbox 808 2520 841 2558; x_wconf 86' lang='lat' dir='ltr'>ex</span> <span class='ocrx_word' id='word_1_263' title='bbox 859 2502 1020 2560; x_wconf 87' lang='lat' dir='ltr'>Theodorete</span> <span class='ocrx_word' id='word_1_264' title='bbox 1038 2505 1119 2560; x_wconf 86' lang='lat' dir='ltr'>videri</span> <span class='ocrx_word' id='word_1_265' title='bbox 1135 2505 1219 2576; x_wconf 86' lang='lat' dir='ltr'>possit</span> <span class='ocrx_word' id='word_1_266' title='bbox 1234 2503 1272 2558; x_wconf 78' lang='lat' dir='ltr'>dri</span> 
     </span>
     <span class='ocr_line' id='line_1_27' title="bbox 103 2587 1273 2660; baseline 0.003 -20"><span class='ocrx_word' id='word_1_267' title='bbox 103 2588 145 2656; x_wconf 72' lang='grc' dir='ltr'>τὴν</span> <span class='ocrx_word' id='word_1_268' title='bbox 159 2587 255 2644; x_wconf 76' lang='grc' dir='ltr'>Ἰνδίαν.</span> <span class='ocrx_word' id='word_1_269' title='bbox 278 2587 345 2644; x_wconf 86' lang='lat' dir='ltr'>Nam</span> <span class='ocrx_word' id='word_1_270' title='bbox 358 2597 388 2644; x_wconf 90' lang='lat' dir='ltr'>nt</span> <span class='ocrx_word' id='word_1_271' title='bbox 399 2587 531 2644; x_wconf 81' lang='lat' dir='ltr'>Christum</span> <span class='ocrx_word' id='word_1_272' title='bbox 542 2591 696 2654; x_wconf 68' lang='lat' dir='ltr'>imitaretur,</span> <span class='ocrx_word' id='word_1_273' title='bbox 709 2589 892 2660; x_wconf 80' lang='lat' dir='ltr'>cognominem</span> <span class='ocrx_word' id='word_1_274' title='bbox 904 2589 973 2642; x_wconf 88' lang='lat' dir='ltr'>iilius</span> <span class='ocrx_word' id='word_1_275' title='bbox 985 2591 1105 2660; x_wconf 73' lang='lat' dir='ltr'>apostolo</span> <span class='ocrx_word' id='word_1_276' title='bbox 1117 2589 1273 2660; x_wconf 86' lang='lat' dir='ltr'>discipulum</span> 
     </span>
     <span class='ocr_line' id='line_1_28' title="bbox 102 2673 1273 2745; baseline 0.002 -17"><span class='ocrx_word' id='word_1_277' title='bbox 102 2675 130 2728; x_wconf 93' lang='lat' dir='ltr'>in</span> <span class='ocrx_word' id='word_1_278' title='bbox 139 2673 242 2730; x_wconf 85' lang='lat' dir='ltr'>Indiam</span> <span class='ocrx_word' id='word_1_279' title='bbox 251 2675 383 2745; x_wconf 77' lang='lat' dir='ltr'>allegarit.</span> <span class='ocrx_word' id='word_1_280' title='bbox 404 2675 500 2730; x_wconf 83' lang='lat' dir='ltr'>Verum</span> <span class='ocrx_word' id='word_1_281' title='bbox 510 2677 588 2729; x_wconf 84' lang='lat' dir='ltr'>etiam</span> <span class='ocrx_word' id='word_1_282' title='bbox 597 2674 667 2730; x_wconf 82' lang='lat' dir='ltr'>inira</span> <span class='ocrx_word' id='word_1_283' title='bbox 678 2693 704 2730; x_wconf 93' lang='lat' dir='ltr'>n.</span> <span class='ocrx_word' id='word_1_284' title='bbox 711 2693 783 2730; x_wconf 82' lang='lat' dir='ltr'>mn</span> <span class='ocrx_word' id='word_1_285' title='bbox 794 2673 922 2728; x_wconf 88' lang='lat' dir='ltr'>Thomam</span> <span class='ocrx_word' id='word_1_286' title='bbox 934 2674 1012 2728; x_wconf 90' lang='lat' dir='ltr'>istum</span> <span class='ocrx_word' id='word_1_287' title='bbox 1026 2673 1273 2745; x_wconf 74' lang='lat' dir='ltr'>pseudoapostolum</span> 
     </span>
     <span class='ocr_line' id='line_1_29' title="bbox 101 2759 523 2828; baseline 0.007 -16"><span class='ocrx_word' id='word_1_288' title='bbox 101 2759 129 2812; x_wconf 93' lang='lat' dir='ltr'>in</span> <span class='ocrx_word' id='word_1_289' title='bbox 141 2759 246 2828; x_wconf 69' lang='lat' dir='ltr'>Syriam</span> <span class='ocrx_word' id='word_1_290' title='bbox 257 2759 414 2815; x_wconf 86' lang='lat' dir='ltr'>destinatum</span> <span class='ocrx_word' id='word_1_291' title='bbox 426 2760 523 2815; x_wconf 87' lang='lat' dir='ltr'>scribit.</span> 
     </span>
    </p>

    <p class='ocr_par' dir='ltr' id='par_1_11' title="bbox 171 2839 1238 2915">
     <span class='ocr_line' id='line_1_30' title="bbox 171 2839 1238 2915; baseline 0.003 -20"><span class='ocrx_word' id='word_1_292' title='bbox 171 2839 262 2914; x_wconf 78' lang='grc' dir='ltr'><strong>Ἔλεγι</strong></span> <span class='ocrx_word' id='word_1_293' title='bbox 273 2843 304 2911; x_wconf 72' lang='grc' dir='ltr'>δὴ</span> <span class='ocrx_word' id='word_1_294' title='bbox 316 2842 403 2898; x_wconf 77' lang='lat' dir='ltr'>iuurbv</span> <span class='ocrx_word' id='word_1_295' title='bbox 415 2841 429 2896; x_wconf 80' lang='lat' dir='ltr'>b</span> <span class='ocrx_word' id='word_1_296' title='bbox 441 2841 546 2912; x_wconf 54' lang='lat' dir='ltr'>Mirus]</span> <span class='ocrx_word' id='word_1_297' title='bbox 567 2845 623 2898; x_wconf 89' lang='lat' dir='ltr'>Iruo</span> <span class='ocrx_word' id='word_1_298' title='bbox 636 2851 663 2899; x_wconf 92' lang='lat' dir='ltr'>st</span> <span class='ocrx_word' id='word_1_299' title='bbox 674 2843 805 2898; x_wconf 82' lang='lat' dir='ltr'>Christum</span> <span class='ocrx_word' id='word_1_300' title='bbox 818 2844 933 2915; x_wconf 90' lang='lat' dir='ltr'>seipsum</span> <span class='ocrx_word' id='word_1_301' title='bbox 946 2861 1003 2900; x_wconf 88' lang='lat' dir='ltr'>esse</span> <span class='ocrx_word' id='word_1_302' title='bbox 1015 2845 1088 2898; x_wconf 78' lang='lat' dir='ltr'>dixit</span> <span class='ocrx_word' id='word_1_303' title='bbox 1112 2843 1238 2898; x_wconf 78' lang='lat' dir='ltr'>Theodor.</span> 
     </span>
    </p>

    <p class='ocr_par' dir='ltr' id='par_1_12' title="bbox 101 2925 1272 3685">
     <span class='ocr_line' id='line_1_31' title="bbox 170 2925 1272 3002; baseline 0.002 -20"><span class='ocrx_word' id='word_1_304' title='bbox 170 2927 202 2984; x_wconf 85' lang='lat' dir='ltr'>N.</span> <span class='ocrx_word' id='word_1_305' title='bbox 216 2947 259 2982; x_wconf 83' lang='lat' dir='ltr'>xx.</span> <span class='ocrx_word' id='word_1_306' title='bbox 283 2926 400 2999; x_wconf 72' lang='grc' dir='ltr'>Ἰάκωβος</span> <span class='ocrx_word' id='word_1_307' title='bbox 413 2929 480 3002; x_wconf 77' lang='grc' dir='ltr'>ξύλῳ</span> <span class='ocrx_word' id='word_1_308' title='bbox 493 2929 612 3000; x_wconf 66' lang='grc' dir='ltr'>πληγείς]</span> <span class='ocrx_word' id='word_1_309' title='bbox 648 2929 943 3000; x_wconf 71' lang='lat' dir='ltr'>hierosolymitanorum</span> <span class='ocrx_word' id='word_1_310' title='bbox 961 2925 1107 2984; x_wconf 76' lang='lat' dir='ltr'>antistitum</span> <span class='ocrx_word' id='word_1_311' title='bbox 1119 2928 1272 3001; x_wconf 80' lang='lat' dir='ltr'>cathalogus</span> 
     </span>
     <span class='ocr_line' id='line_1_32' title="bbox 101 3013 1272 3086; baseline 0.002 -19"><span class='ocrx_word' id='word_1_312' title='bbox 101 3015 152 3068; x_wconf 89' lang='lat' dir='ltr'>ists</span> <span class='ocrx_word' id='word_1_313' title='bbox 164 3030 198 3067; x_wconf 83' lang='lat' dir='ltr'>ex</span> <span class='ocrx_word' id='word_1_314' title='bbox 209 3013 316 3070; x_wconf 78' lang='lat' dir='ltr'>Eusebii</span> <span class='ocrx_word' id='word_1_315' title='bbox 328 3014 456 3070; x_wconf 82' lang='lat' dir='ltr'>Chronico</span> <span class='ocrx_word' id='word_1_316' title='bbox 468 3019 494 3068; x_wconf 90' lang='lat' dir='ltr'>et</span> <span class='ocrx_word' id='word_1_317' title='bbox 505 3015 619 3068; x_wconf 83' lang='lat' dir='ltr'>Historia</span> <span class='ocrx_word' id='word_1_318' title='bbox 630 3015 775 3086; x_wconf 86' lang='lat' dir='ltr'>descriptus</span> <span class='ocrx_word' id='word_1_319' title='bbox 787 3021 840 3081; x_wconf 84' lang='lat' dir='ltr'>eat,</span> <span class='ocrx_word' id='word_1_320' title='bbox 852 3032 929 3086; x_wconf 91' lang='lat' dir='ltr'>quem</span> <span class='ocrx_word' id='word_1_321' title='bbox 942 3021 968 3069; x_wconf 91' lang='lat' dir='ltr'>et</span> <span class='ocrx_word' id='word_1_322' title='bbox 980 3016 1183 3070; x_wconf 80' lang='lat' dir='ltr'>Alexandrinum</span> <span class='ocrx_word' id='word_1_323' title='bbox 1193 3015 1272 3070; x_wconf 82' lang='lat' dir='ltr'>Chro-</span> 
     </span>
     <span class='ocr_line' id='line_1_33' title="bbox 101 3098 1272 3172; baseline 0.002 -20"><span class='ocrx_word' id='word_1_324' title='bbox 101 3101 180 3154; x_wconf 89' lang='lat' dir='ltr'>nicen</span> <span class='ocrx_word' id='word_1_325' title='bbox 192 3105 220 3153; x_wconf 91' lang='lat' dir='ltr'>et</span> <span class='ocrx_word' id='word_1_326' title='bbox 229 3099 367 3172; x_wconf 80' lang='lat' dir='ltr'>Nicepberi</span> <span class='ocrx_word' id='word_1_327' title='bbox 380 3099 485 3172; x_wconf 88' lang='lat' dir='ltr'>perinde</span> <span class='ocrx_word' id='word_1_328' title='bbox 498 3098 644 3156; x_wconf 78' lang='lat' dir='ltr'>chronicon</span> <span class='ocrx_word' id='word_1_329' title='bbox 656 3099 772 3156; x_wconf 80' lang='lat' dir='ltr'>exhibet</span> <span class='ocrx_word' id='word_1_330' title='bbox 806 3101 847 3154; x_wconf 82' lang='lat' dir='ltr'>iix</span> <span class='ocrx_word' id='word_1_331' title='bbox 860 3101 954 3172; x_wconf 84' lang='lat' dir='ltr'>quibus</span> <span class='ocrx_word' id='word_1_332' title='bbox 967 3102 1102 3168; x_wconf 88' lang='lat' dir='ltr'>omnibns,</span> <span class='ocrx_word' id='word_1_333' title='bbox 1119 3101 1168 3156; x_wconf 92' lang='lat' dir='ltr'>hcc</span> <span class='ocrx_word' id='word_1_334' title='bbox 1186 3109 1227 3156; x_wconf 89' lang='lat' dir='ltr'>est</span> <span class='ocrx_word' id='word_1_335' title='bbox 1238 3117 1272 3154; x_wconf 83' lang='lat' dir='ltr'>ex</span> 
     </span>
     <span class='ocr_line' id='line_1_34' title="bbox 101 3183 1272 3258; baseline 0.003 -21"><span class='ocrx_word' id='word_1_336' title='bbox 101 3183 258 3238; x_wconf 79' lang='lat' dir='ltr'>Eusebianis</span> <span class='ocrx_word' id='word_1_337' title='bbox 277 3186 393 3240; x_wconf 80' lang='lat' dir='ltr'>fontibus</span> <span class='ocrx_word' id='word_1_338' title='bbox 416 3185 593 3239; x_wconf 85' lang='lat' dir='ltr'>emendandus</span> <span class='ocrx_word' id='word_1_339' title='bbox 613 3191 655 3240; x_wconf 90' lang='lat' dir='ltr'>est</span> <span class='ocrx_word' id='word_1_340' title='bbox 675 3185 814 3258; x_wconf 81' lang='lat' dir='ltr'>Epiphanii</span> <span class='ocrx_word' id='word_1_341' title='bbox 829 3188 984 3252; x_wconf 83' lang='lat' dir='ltr'>laterculus,</span> <span class='ocrx_word' id='word_1_342' title='bbox 1001 3188 1074 3242; x_wconf 86' lang='lat' dir='ltr'>relnt</span> <span class='ocrx_word' id='word_1_343' title='bbox 1090 3204 1150 3241; x_wconf 90' lang='lat' dir='ltr'>cum</span> <span class='ocrx_word' id='word_1_344' title='bbox 1167 3187 1272 3240; x_wconf 89' lang='lat' dir='ltr'>tertium</span> 
     </span>
     <span class='ocr_line' id='line_1_35' title="bbox 101 3269 1271 3344; baseline 0.002 -20"><span class='ocrx_word' id='word_1_345' title='bbox 101 3276 225 3324; x_wconf 87' lang='lat' dir='ltr'>numerat</span> <span class='ocrx_word' id='word_1_346' title='bbox 236 3271 339 3338; x_wconf 88' lang='lat' dir='ltr'>ludam,</span> <span class='ocrx_word' id='word_1_347' title='bbox 352 3271 397 3342; x_wconf 88' lang='lat' dir='ltr'>qni</span> <span class='ocrx_word' id='word_1_348' title='bbox 409 3271 442 3324; x_wconf 91' lang='lat' dir='ltr'>ab</span> <span class='ocrx_word' id='word_1_349' title='bbox 454 3269 566 3324; x_wconf 84' lang='lat' dir='ltr'>Eusebio</span> <span class='ocrx_word' id='word_1_350' title='bbox 578 3275 605 3324; x_wconf 90' lang='lat' dir='ltr'>et</span> <span class='ocrx_word' id='word_1_351' title='bbox 616 3271 724 3325; x_wconf 89' lang='lat' dir='ltr'>caeteris</span> <span class='ocrx_word' id='word_1_352' title='bbox 736 3271 823 3328; x_wconf 88' lang='lat' dir='ltr'>Iustus</span> <span class='ocrx_word' id='word_1_353' title='bbox 836 3274 988 3344; x_wconf 85' lang='lat' dir='ltr'>appellatur.</span> <span class='ocrx_word' id='word_1_354' title='bbox 1010 3272 1076 3326; x_wconf 90' lang='lat' dir='ltr'>item</span> <span class='ocrx_word' id='word_1_355' title='bbox 1087 3291 1122 3326; x_wconf 80' lang='grc' dir='ltr'>ιι.</span> <span class='ocrx_word' id='word_1_356' title='bbox 1134 3272 1271 3326; x_wconf 81' lang='lat' dir='ltr'>Zachariae</span> 
     </span>
     <span class='ocr_line' id='line_1_36' title="bbox 102 3353 1271 3429; baseline 0.004 -22"><span class='ocrx_word' id='word_1_357' title='bbox 102 3356 136 3408; x_wconf 86' lang='lat' dir='ltr'>ab</span> <span class='ocrx_word' id='word_1_358' title='bbox 153 3353 299 3426; x_wconf 85' lang='lat' dir='ltr'>Epiphanio</span> <span class='ocrx_word' id='word_1_359' title='bbox 316 3357 349 3409; x_wconf 91' lang='lat' dir='ltr'>ab</span> <span class='ocrx_word' id='word_1_360' title='bbox 367 3357 424 3412; x_wconf 85' lang='lat' dir='ltr'>aliis</span> <span class='ocrx_word' id='word_1_361' title='bbox 442 3353 574 3410; x_wconf 85' lang='lat' dir='ltr'>Zachaeus</span> <span class='ocrx_word' id='word_1_362' title='bbox 591 3362 708 3410; x_wconf 83' lang='lat' dir='ltr'>roratur.</span> <span class='ocrx_word' id='word_1_363' title='bbox 741 3357 810 3412; x_wconf 82' lang='lat' dir='ltr'>Sunt</span> <span class='ocrx_word' id='word_1_364' title='bbox 829 3365 855 3412; x_wconf 93' lang='lat' dir='ltr'>et</span> <span class='ocrx_word' id='word_1_365' title='bbox 874 3359 926 3412; x_wconf 88' lang='lat' dir='ltr'>alia</span> <span class='ocrx_word' id='word_1_366' title='bbox 942 3358 1071 3429; x_wconf 86' lang='lat' dir='ltr'>quaedam</span> <span class='ocrx_word' id='word_1_367' title='bbox 1085 3359 1113 3412; x_wconf 88' lang='lat' dir='ltr'>in</span> <span class='ocrx_word' id='word_1_368' title='bbox 1127 3364 1191 3412; x_wconf 92' lang='lat' dir='ltr'>nota</span> <span class='ocrx_word' id='word_1_369' title='bbox 1207 3363 1271 3412; x_wconf 88' lang='lat' dir='ltr'>tem·</span> 
     </span>
     <span class='ocr_line' id='line_1_37' title="bbox 101 3440 1271 3514; baseline 0.004 -21"><span class='ocrx_word' id='word_1_370' title='bbox 101 3457 196 3512; x_wconf 90' lang='lat' dir='ltr'>porum</span> <span class='ocrx_word' id='word_1_371' title='bbox 211 3441 245 3494; x_wconf 89' lang='lat' dir='ltr'>ab</span> <span class='ocrx_word' id='word_1_372' title='bbox 254 3440 411 3512; x_wconf 85' lang='lat' dir='ltr'>Epiphanio,</span> <span class='ocrx_word' id='word_1_373' title='bbox 423 3441 464 3494; x_wconf 83' lang='lat' dir='ltr'>rel</span> <span class='ocrx_word' id='word_1_374' title='bbox 475 3441 562 3512; x_wconf 90' lang='lat' dir='ltr'>potius</span> <span class='ocrx_word' id='word_1_375' title='bbox 574 3442 721 3506; x_wconf 88' lang='lat' dir='ltr'>alibrario,</span> <span class='ocrx_word' id='word_1_376' title='bbox 732 3443 886 3507; x_wconf 87' lang='lat' dir='ltr'>commissa,</span> <span class='ocrx_word' id='word_1_377' title='bbox 898 3460 965 3513; x_wconf 91' lang='lat' dir='ltr'>qnae</span> <span class='ocrx_word' id='word_1_378' title='bbox 977 3449 1005 3496; x_wconf 90' lang='lat' dir='ltr'>ut</span> <span class='ocrx_word' id='word_1_379' title='bbox 1017 3445 1162 3498; x_wconf 86' lang='lat' dir='ltr'>accuratius</span> <span class='ocrx_word' id='word_1_380' title='bbox 1174 3445 1271 3514; x_wconf 89' lang='lat' dir='ltr'>disqui-</span> 
     </span>
     <span class='ocr_line' id='line_1_38' title="bbox 101 3524 1271 3600; baseline 0.004 -20"><span class='ocrx_word' id='word_1_381' title='bbox 101 3531 202 3582; x_wconf 82' lang='lat' dir='ltr'>rantur.</span> <span class='ocrx_word' id='word_1_382' title='bbox 225 3525 339 3582; x_wconf 85' lang='lat' dir='ltr'>Primum</span> <span class='ocrx_word' id='word_1_383' title='bbox 357 3544 372 3580; x_wconf 89' lang='lat' dir='ltr'>e</span> <span class='ocrx_word' id='word_1_384' title='bbox 388 3524 533 3598; x_wconf 83' lang='lat' dir='ltr'>Nicephore</span> <span class='ocrx_word' id='word_1_385' title='bbox 551 3527 662 3582; x_wconf 87' lang='lat' dir='ltr'>eundem</span> <span class='ocrx_word' id='word_1_386' title='bbox 677 3528 752 3580; x_wconf 88' lang='lat' dir='ltr'>ilium</span> <span class='ocrx_word' id='word_1_387' title='bbox 763 3527 913 3597; x_wconf 81' lang='lat' dir='ltr'>catalogum</span> <span class='ocrx_word' id='word_1_388' title='bbox 925 3544 985 3581; x_wconf 89' lang='lat' dir='ltr'>cnm</span> <span class='ocrx_word' id='word_1_389' title='bbox 996 3529 1160 3600; x_wconf 75' lang='lat' dir='ltr'>singulorum</span> <span class='ocrx_word' id='word_1_390' title='bbox 1172 3531 1271 3585; x_wconf 86' lang='lat' dir='ltr'>antisti·</span> 
     </span>
     <span class='ocr_line' id='line_1_39' title="bbox 102 3611 1087 3685; baseline 0.004 -20"><span class='ocrx_word' id='word_1_391' title='bbox 102 3619 159 3666; x_wconf 88' lang='lat' dir='ltr'>tnm</span> <span class='ocrx_word' id='word_1_392' title='bbox 171 3613 248 3666; x_wconf 92' lang='lat' dir='ltr'>annis</span> <span class='ocrx_word' id='word_1_393' title='bbox 260 3613 451 3679; x_wconf 74' lang='lat' dir='ltr'>emcribemus,</span> <span class='ocrx_word' id='word_1_394' title='bbox 463 3617 493 3666; x_wconf 93' lang='lat' dir='ltr'>ut</span> <span class='ocrx_word' id='word_1_395' title='bbox 504 3617 532 3666; x_wconf 90' lang='lat' dir='ltr'>et</span> <span class='ocrx_word' id='word_1_396' title='bbox 542 3611 717 3684; x_wconf 86' lang='lat' dir='ltr'>Nicephorum</span> <span class='ocrx_word' id='word_1_397' title='bbox 728 3612 818 3668; x_wconf 88' lang='lat' dir='ltr'>eadem</span> <span class='ocrx_word' id='word_1_398' title='bbox 830 3628 908 3684; x_wconf 86' lang='lat' dir='ltr'>opera</span> <span class='ocrx_word' id='word_1_399' title='bbox 920 3615 1087 3685; x_wconf 62' lang='lat' dir='ltr'>catigemus.</span> 
     </span>
    </p>
   </div>
   <div class='ocr_carea' id='block_1_3' title="bbox 272 3815 1102 3874">
    <p class='ocr_par' dir='ltr' id='par_1_13' title="bbox 272 3815 1102 3874">
     <span class='ocr_line' id='line_1_40' title="bbox 272 3815 1102 3874; baseline 0.001 -3"><span class='ocrx_word' id='word_1_400' title='bbox 272 3815 452 3872; x_wconf 80' lang='lat' dir='ltr'>INDIGULUS</span> <span class='ocrx_word' id='word_1_401' title='bbox 469 3815 868 3872; x_wconf 74' lang='lat' dir='ltr'>ffluaosonrassrsttoabnt</span> <span class='ocrx_word' id='word_1_402' title='bbox 884 3817 1102 3874; x_wconf 75' lang='lat' dir='ltr'><strong>ANTISTITUM.</strong></span> 
     </span>
    </p>
   </div>
   <div class='ocr_carea' id='block_1_4' title="bbox 308 3917 459 3928">
    <p class='ocr_par' dir='ltr' id='par_1_14' title="bbox 308 3917 459 3928">
     <span class='ocr_line' id='line_1_41' title="bbox 308 3917 459 3928; baseline -0.02 0"><span class='ocrx_word' id='word_1_403' title='bbox 308 3917 459 3928; x_wconf 78' lang='lat'>————</span> 
     </span>
    </p>
   </div>
   <div class='ocr_carea' id='block_1_5' title="bbox 603 3986 770 4058">
    <p class='ocr_par' dir='ltr' id='par_1_15' title="bbox 603 3986 770 4058">
     <span class='ocr_line' id='line_1_42' title="bbox 603 3986 770 4058; baseline 0.018 -18"><span class='ocrx_word' id='word_1_404' title='bbox 603 3986 770 4058; x_wconf 76' lang='lat' dir='ltr'>Episcopi.</span> 
     </span>
    </p>
   </div>
   <div class='ocr_carea' id='block_1_6' title="bbox 485 4140 822 4620">
    <p class='ocr_par' dir='ltr' id='par_1_16' title="bbox 485 4140 822 4364">
     <span class='ocr_line' id='line_1_43' title="bbox 485 4140 822 4195; baseline 0.003 -2"><span class='ocrx_word' id='word_1_405' title='bbox 485 4140 594 4194; x_wconf 87' lang='lat' dir='ltr'>lacobus</span> <span class='ocrx_word' id='word_1_406' title='bbox 611 4141 717 4195; x_wconf 89' lang='lat' dir='ltr'>Domini</span> <span class='ocrx_word' id='word_1_407' title='bbox 733 4141 822 4195; x_wconf 86' lang='lat' dir='ltr'>Frater</span> 
     </span>
     <span class='ocr_line' id='line_1_44' title="bbox 485 4224 809 4297; baseline 0.003 -18"><span class='ocrx_word' id='word_1_408' title='bbox 485 4225 618 4295; x_wconf 71' lang='lat' dir='ltr'>symaeon</span> <span class='ocrx_word' id='word_1_409' title='bbox 636 4224 809 4297; x_wconf 70' lang='lat' dir='ltr'>cleophaes.</span> 
     </span>
     <span class='ocr_line' id='line_1_45' title="bbox 485 4310 573 4364; baseline 0.011 -1"><span class='ocrx_word' id='word_1_410' title='bbox 485 4310 573 4364; x_wconf 89' lang='lat' dir='ltr'>Iustus</span> 
     </span>
    </p>

    <p class='ocr_par' dir='ltr' id='par_1_17' title="bbox 485 4393 622 4450">
     <span class='ocr_line' id='line_1_46' title="bbox 485 4393 622 4450; baseline 0 0"><span class='ocrx_word' id='word_1_411' title='bbox 485 4393 622 4450; x_wconf 83' lang='lat' dir='ltr'>Zacharias</span> 
     </span>
    </p>

    <p class='ocr_par' dir='ltr' id='par_1_18' title="bbox 485 4481 580 4535">
     <span class='ocr_line' id='line_1_47' title="bbox 485 4481 580 4535; baseline 0 -1"><span class='ocrx_word' id='word_1_412' title='bbox 485 4481 580 4535; x_wconf 83' lang='lat' dir='ltr'>Tobiae</span> 
     </span>
    </p>

    <p class='ocr_par' dir='ltr' id='par_1_19' title="bbox 485 4565 623 4620">
     <span class='ocr_line' id='line_1_48' title="bbox 485 4565 623 4620; baseline 0 0"><span class='ocrx_word' id='word_1_413' title='bbox 485 4565 623 4620; x_wconf 75' lang='lat' dir='ltr'>beniamin</span> 
     </span>
    </p>
   </div>
   <div class='ocr_carea' id='block_1_7' title="bbox 0 0 1568 5046">
    <p class='ocr_par' dir='ltr' id='par_1_20' title="bbox 0 0 1568 5046">
     <span class='ocr_line' id='line_1_49' title="bbox 0 0 1568 5046; baseline 0 1"><span class='ocrx_word' id='word_1_414' title='bbox 0 0 1568 5046; x_wconf 95' lang='lat' dir='ltr'> </span> 
     </span>
    </p>
   </div>
  </div>
 </body>
</html>
