3138 5044
297 292 459 354 LXXXVIII

296 451 376 508 leiun
393 449 584 515 accommodet,
602 451 645 522 qui
660 449 738 504 iidem
753 453 815 503 sunt
829 465 889 504 cnm
901 447 989 502 Sextis
1001 447 1109 501 duobus.
1137 445 1177 500 lta
1188 462 1248 500 curn
1259 443 1411 520 Capitolinis
1421 447 1448 499 in

300 535 411 606 grstism
422 535 505 589 rediit
528 535 563 589 st
573 533 654 589 Siculi
669 535 730 606 quis
745 551 811 588 eoas.
823 534 885 588 enni
895 549 1010 587 necnxv.
1024 549 1077 586 non
1093 532 1215 586 omittunt
1235 536 1262 584 et
1277 547 1311 584 ex
1329 545 1383 584 unc
1399 531 1449 583 ool·

295 621 364 692 legio
376 621 438 674 enni
447 633 582 674 ncooxvrr.
594 620 643 674 rluu
652 619 762 684 Isqunt,
774 633 965 690 supervacaneo
976 617 1021 672 illo
1029 617 1146 688 Pompeii
1154 622 1180 670 et
1189 617 1291 688 Apuleii
1298 616 1449 686 interposito

296 707 432 762 consulatu
443 704 566 758 tardiores
578 705 703 759 exhibent
713 705 834 776 reliquos.
1561 763 1562 782 χ

362 791 393 844 ln
404 807 475 845 xxrv.
487 790 556 860 apud
567 789 657 863 UpIpb.
670 796 697 844 et
707 791 735 844 in
745 789 830 844 Fastis
842 805 889 861 pro
899 787 1007 843 Urassus
1017 787 1129 842 Flaccus
1140 787 1206 860 leg„
1218 786 1269 842 nisi
1280 787 1316 840 sit
1326 785 1450 842 snfleetos
1561 799 1562 810 ¹

296 877 397 948 eliquis.

208 987 229 1029 p.
238 975 268 1018 ae
362 977 423 1016 xxv.
441 959 573 1015 liberium
585 977 637 1015 cos.
649 961 791 1016 secundnm
803 961 881 1014 babet
891 977 937 1032 pro
949 979 988 1016 nr.

363 1045 393 1101 ln
405 1063 475 1102 xxrs.
491 1062 538 1116 pro
554 1045 637 1100 Balbo
649 1046 763 1100 Flaccus
778 1046 961 1102 adscribendus
979 1049 1032 1110 est,
1047 1045 1099 1100 nisi
1116 1043 1350 1115 suffectusaliquie
1365 1044 1452 1098 locuni
1561 1061 1562 1068 ¹

296 1130 339 1186 bie
354 1129 483 1199 hebuerit,
501 1131 571 1202 qnod
587 1131 655 1186 idem
673 1132 704 1185 de
721 1151 802 1189 usn.
821 1147 867 1203 par
883 1135 923 1186 est
939 1130 1055 1197 credere,
1072 1131 1118 1185 nbi
1136 1129 1231 1186 Gretus
1247 1145 1294 1202 pre
1312 1127 1390 1184 Cotta
1406 1147 1452 1184 no

295 1217 417 1271 minetur.

362 1301 393 1355 In
404 1303 541 1356 consulatu
552 1319 654 1368 mro,
671 1303 716 1373 qui
732 1307 773 1356 est
787 1303 814 1356 in
824 1301 962 1373 Epiphanil
976 1301 1089 1356 inslioulo
1100 1317 1198 1366 xxm,
1214 1301 1296 1354 maior
1312 1305 1353 1354 est
1368 1299 1452 1356 labes.

296 1385 362 1441 Uarn
375 1386 455 1441 Siculi
465 1387 536 1441 Vasti
547 1403 607 1442 cum
617 1385 759 1458 UpipbsnIo
776 1394 836 1458 post
848 1387 971 1465 Geminos
985 1387 1050 1442 dnos
1062 1386 1159 1440 Ruiuns
1171 1391 1197 1439 et
1207 1384 1388 1440 RubeUionem
1399 1386 1454 1456 (si-

297 1473 348 1526 culi
359 1472 525 1538 Rubellium)
542 1473 675 1526 collocant
709 1473 743 1524 nt
760 1471 897 1544 Capitolini
913 1473 949 1527 Μ.
960 1471 1099 1526 Vinuciurn
1117 1477 1143 1524 et
1159 1469 1278 1524 Gessium
1293 1469 1453 1541 Longinum.

295 1556 393 1612 Rufum
404 1574 478 1628 porro
491 1563 518 1610 et
528 1557 694 1612 Rubellinum
705 1556 828 1611 suffectus
840 1563 914 1628 putat
926 1557 1042 1628 Soeliger
1054 1563 1080 1610 et
1090 1557 1215 1628 Keplcrus
1226 1556 1253 1609 in
1264 1555 1378 1626 Uolcgis.
1394 1556 1453 1626 Ego

296 1641 892 1713 idembieincoss.quode.xv1.comnui·ssum
907 1641 988 1696 fuisse
1004 1643 1129 1712 suspicor.
1153 1640 1219 1694 Nam
1235 1644 1264 1693 ut
1278 1641 1332 1694 illio
1347 1657 1383 1694 ex
1399 1657 1453 1696 uno

296 1727 406 1798 collegio
416 1727 477 1782 Sex.
496 1727 611 1799 Pompeii
622 1727 728 1798 NepotIs
740 1735 766 1780 et
777 1727 838 1781 Sex.
856 1727 958 1798 Apuleii
966 1727 1073 1797 Nepotis
1083 1727 1134 1780 duo
1143 1743 1210 1780 coss.
1219 1726 1292 1797 paris
1299 1724 1371 1779 iacta
1382 1733 1454 1790 sunt,

296 1811 435 1870 Sextomm
447 1813 566 1867 uidelicet
576 1813 687 1867 ducrum
702 1817 729 1866 et
739 1813 855 1884 Pompeii
869 1819 948 1883 etque
958 1812 1073 1883 Apulei,
1088 1813 1126 1866 its
1136 1811 1233 1866 Rufum
1248 1817 1274 1864 et
1284 1811 1455 1866 RubeUinurn

295 1897 405 1952 duorum
422 1915 479 1952 esse
498 1898 666 1952 Geminorum
682 1899 789 1952 numine
805 1897 968 1963 crediderIrn3
984 1897 1035 1952 nisi
1048 1897 1121 1968 ‘quod
1135 1913 1182 1968 pro
1198 1897 1292 1967 Rufras,
1309 1896 1403 1950 Fusios
1418 1897 1455 1952 le-

296 1983 411 2056 gendum
422 1990 468 2040 est.
500 1983 544 2038 Sic
560 1984 630 2038 enirn
646 1983 814 2054 appellantur,
832 1981 1156 2047 succubuissemus,
1173 1981 1201 2036 U.
1212 1981 1306 2035 Fusios
1318 1980 1455 2038 Geminos.

296 2065 422 2132 Quocirca
438 2069 529 2124 merito
545 2067 662 2122 teuchos
680 2083 757 2139 quem
773 2068 830 2121 illos
846 2069 1018 2139 praetermisit
1032 2066 1168 2132 Onuirius,
1186 2082 1217 2119 ae
1233 2083 1266 2120 ne
1284 2067 1455 2124 suffectorum

296 2153 399 2226 quidem
411 2154 467 2207 loco
480 2152 580 2218 babuit3
594 2153 662 2225 quod
673 2153 770 2206 frustra
780 2153 888 2207 mustus
901 2160 941 2207 est
949 2152 1066 2224 scaliger
1074 2153 1119 2207 lib.
1126 2170 1161 2206 rr.
1170 2151 1201 2205 de
1210 2151 1317 2208 umens.
1326 2169 1388 2224 pag.
1394 2153 1454 2210 521.

361 2237 403 2294 Ex
414 2237 461 2292 hae
474 2237 564 2292 euclem
575 2239 677 2310 collegii
688 2238 853 2292 distractione
865 2239 975 2304 iactum,
987 2245 1017 2292 ut
1026 2238 1128 2292 Vinucii
1139 2253 1169 2291 ac
1178 2236 1289 2307 Longini
1300 2240 1454 2294 consuletur

295 2321 366 2393 apud
385 2321 557 2393 llpipheniuns
579 2323 638 2378 sede
656 2339 704 2378 sue
720 2325 825 2378 luxatns
840 2341 933 2380 xxxm.
951 2324 1008 2379 loco
1026 2340 1042 2377 s
1059 2323 1208 2377 oonsulibus
1220 2321 1339 2393 Augusto
1351 2341 1410 2380 xm.
1430 2329 1457 2380 et

296 2405 401 2462 Silreno
412 2414 557 2478 poneretur,
569 2425 629 2462 cuns
640 2427 723 2466 axxn.
735 2425 792 2463 esse
804 2409 927 2464 debuerit.
949 2407 1052 2463 Etenim
1063 2425 1132 2462 enno
1141 2407 1171 2463 U.
1181 2406 1211 2463 U.
1224 2423 1400 2474 neouuxrrn,
1411 2409 1454 2464 ln·

295 2491 364 2546 Usno
377 2509 468 2558 uxxu,
481 2493 601 2564 congruit
613 2493 706 2548 Vinicii
717 2493 878 2560 consulatus,
890 2493 967 2566 idque
979 2511 1012 2548 ex
1023 2494 1183 2548 Varronisns
1195 2491 1301 2563 epocha.
1324 2493 1393 2549 Nem
1405 2493 1455 2549 Ua-

294 2577 552 2650 pitcllansstlenno
562 2594 716 2634 nccnxrxn.
726 2581 859 2634 colossos
876 2577 907 2634 In
916 2595 967 2650 quo
976 2578 1264 2633 mirificebelluoinstns
1276 2577 1455 2650 estSoaliger,

295 2663 356 2718 dum
366 2661 504 2735 Onufriuns
515 2666 600 2735 arguit
609 2665 678 2735 qnod
689 2666 852 2719 consulatum
860 2665 954 2718 Vinicii
965 2665 992 2719 in
1001 2679 1167 2719 nocuum.
1177 2663 1312 2718 contulerit
1319 2679 1353 2717 ex
1360 2663 1455 2720 Verre-
1561 2679 1562 2696 ¹

294 2751 336 2803 nis
348 2751 488 2816 sententis,
506 2765 564 2804 cunr
577 2749 786 2824 coronisnumct
797 2749 970 2821 Uspitoliuunr
982 2765 1109 2804 snuornns
1119 2765 1257 2803 numerum
1268 2749 1342 2820 sequi
1353 2765 1383 2804 se
1394 2766 1456 2822 pro-
1561 2819 1562 2828 χ

293 2833 405 2890 fiteetur,
430 2834 485 2899 Quo
501 2835 565 2890 nihil
582 2836 674 2890 lelsius
692 2835 809 2890 excidere
821 2835 954 2906 Scaligero
970 2836 1061 2907 potnit
1086 2833 1209 2889 Onnirius
1222 2834 1292 2888 enisu
1303 2832 1454 2891 comment,
1561 2881 1562 2896 ,

294 2919 321 2974 in
333 2920 350 2974 l.
363 2938 380 2974 r.
391 2919 460 2975 Uest.
473 2921 501 2974 in
512 2920 564 2975 fine
575 2921 706 2976 Distribae
729 2922 760 2976 de
772 2937 840 2975 anno
853 2919 928 2974 Urbis
941 2921 1059 2974 conditos
1070 2919 1247 2974 lunensibus
1259 2919 1345 2973 verbis
1358 2920 1455 2976 Varro·
1561 2949 1562 2968 r

227 3041 230 3046 -
294 3012 484 3060 nemsecutunt
496 3021 523 3060 se
535 3021 592 3060 esse
604 3013 719 3061 testatur.
750 3007 887 3070 Varronis,
903 3006 1000 3077 inquit,
1016 3009 1163 3060 senteutiam
1175 3009 1202 3058 s'u
1214 3005 1254 3058 bis
1265 3005 1456 3061 Fastisrsese·
1561 3039 1562 3088 p

295 3093 443 3163 poisatum
456 3109 504 3144 nou
515 3093 581 3162 quod
592 3095 615 3144 ei
625 3096 708 3160 moyes
719 3110 793 3162 quam
802 3091 884 3144 Fabio
894 3089 1003 3157 Pistori,
1015 3092 1057 3144 uel
1066 3091 1155 3144 Verrio
1166 3090 1263 3144 Flacco
1275 3089 1456 3160 uutDiouyes'o

295 3175 411 3238 wedam,
428 3177 474 3227 scd
488 3177 553 3244 quod
568 3181 621 3230 eius
636 3181 782 3229 senteutiam
794 3181 894 3248 passim
912 3177 944 3229 ab
961 3177 1071 3230 omuibus
1087 3179 1316 3246 susceptumsoisse
1334 3179 1456 3231 auums·
1500 3163 1503 3169 ⁵

294 3263 424 3324 cesluim,
441 3270 514 3329 atque
529 3269 648 3330 tunquam
664 3265 769 3314 omnium
786 3266 943 3315 oerisumom
959 3265 1171 3330 ratissimumqne
1186 3261 1352 3314 cumarum.
1379 3259 1457 3326 Quod

295 3343 328 3399 ab
340 3361 371 3399 eo
383 3350 513 3398 serratum
524 3361 594 3411 esse,
611 3345 747 3400 disorinren
758 3347 835 3401 unius
853 3347 927 3412 anni,
944 3361 995 3418 quo
1011 3346 1080 3400 illius
1091 3337 1164 3400 Festi
1179 3345 1358 3417 scepitclinis
1375 3353 1403 3401 et
1413 3347 1456 3402 Si·
1561 3393 1562 3426 i

294 3429 415 3500 gonianir
428 3429 559 3497 differunt,
572 3431 635 3486 satis
648 3432 766 3487 ostendit.
784 3433 830 3487 Hic
843 3433 886 3486 ille
897 3449 972 3504 porro
977 3431 1094 3486 Vinicius
1107 3437 1147 3486 est
1158 3432 1200 3484 cui
1211 3429 1364 3485 historicum
1375 3445 1455 3487 suoru
1561 3441 1562 3482 l

294 3515 450 3569 breviarium
462 3515 573 3570 Velleius
588 3517 730 3588 inscripsit;
747 3519 819 3572 cuius
836 3518 869 3572 ad
886 3519 1050 3572 consulatum
1066 3518 1099 3572 sb
1116 3515 1192 3570 Urbis
1209 3517 1283 3570 Initio
1299 3533 1353 3572 non
1369 3531 1455 3572 annos
1561 3561 1562 3586 ,

294 3601 408 3673 praecise
424 3616 580 3657 nccuxxxrn
596 3609 726 3670 numerat,
743 3608 773 3656 nt
789 3604 877 3656 scribit
892 3603 1017 3674 Scaliger,
1037 3603 1083 3656 sed
1099 3617 1253 3656 neonxxxrr.
1296 3599 1457 3674 Quanquam

295 3686 419 3741 mendum
430 3686 496 3740 inest
507 3687 535 3740 in
546 3688 672 3754 numeris,
689 3693 715 3742 et
729 3703 875 3742 nccnxxxu
889 3687 1083 3743 restituendum.
1111 3685 1144 3740 Et
1160 3692 1221 3740 sunt
1236 3685 1334 3757 alioqui
1351 3690 1458 3744 numeri
1561 3697 1562 3718 ¹

294 3771 362 3844 opud
374 3771 500 3826 vellelum
517 3789 606 3827 onsnee
623 3775 809 3844 propemodum
826 3773 925 3840 vitiosi,
948 3778 993 3826 aut
1013 3777 1081 3826 certe
1098 3785 1191 3842 parunt
1207 3771 1250 3824 ille
1272 3771 1322 3826 sibi
1342 3779 1456 3840 consul,

295 3857 357 3912 dum
368 3858 434 3912 alios
446 3865 522 3930 etque
534 3859 599 3912 elios
615 3865 717 3912 sutores
735 3860 859 3930 sequitur.
882 3858 972 3930 lisque
989 3865 1075 3912 utrnrn
1086 3857 1284 3923 Varronienarn,
1302 3871 1336 3910 an
1349 3857 1456 3930 Uapito·
1561 3893 1562 3920 ,

294 3941 388 4010 Unam,
407 3959 485 4015 quern
503 3943 672 3998 Catonianam
688 3951 764 3998 vocet
779 3945 902 4016 Scaliger,
917 3945 1044 3997 rationem
1060 3943 1183 4008 tenuerit,
1200 3947 1268 3997 certo
1288 3945 1457 4013 pronunciari

295 4031 392 4100 nequit.
415 4029 553 4102 Scripsisse
566 4029 669 4100 quidem
680 4029 721 4082 rel
738 4045 806 4082 enno
823 4029 894 4100 ipso,
911 4046 961 4100 quo
973 4029 1088 4082 Vinicius
1104 4028 1195 4083 consul
1211 4027 1273 4094 tuit,
1289 4028 1331 4081 vel
1347 4029 1456 4084 ineunte

296 4115 413 4184 sequenti
424 4117 515 4169 saltem
527 4115 669 4168 absolvisse
681 4113 740 4168 inde
750 4113 842 4185 liquet,
860 4115 930 4185 qued
944 4113 1059 4168 florentis
1071 4111 1154 4168 &hue
1165 4111 1255 4168 Seiani
1266 4114 1352 4184 operis
1362 4115 1391 4168 in
1402 4113 1456 4170 fine
1561 4131 1562 4144 ¹

295 4200 426 4264 meminit,
438 4202 482 4270 qui
493 4201 595 4254 Tiberio
607 4219 631 4252 r.
644 4215 711 4264 coe,
722 4197 771 4256 hoo
783 4205 823 4253 est
834 4199 909 4253 Urbis
921 4215 1095 4264 necuxrxrv„
1107 4197 1259 4270 profligatus
1272 4204 1319 4253 est
1343 4197 1420 4264 Quod
1432 4201 1456 4254 ei
1561 4197 1562 4212 ³

295 4283 333 4336 ita
343 4289 389 4346 cst,
401 4285 486 4338 locum
499 4285 575 4339 babet
584 4285 683 4340 nullum
693 4283 838 4338 cuditis-iri
848 4287 1004 4350 coniectura,
1017 4286 1062 4355 qui
1071 4283 1263 4338 dubitauerisns
1272 4290 1313 4338 est
1323 4299 1358 4338 en
1370 4290 1455 4339 uane-
1561 4299 1562 4338 3

295 4369 375 4440 positi
391 4371 538 4423 consulatus
556 4377 654 4436 essent,
676 4377 705 4426 ut
721 4369 838 4424 Tiburtus
854 4389 879 4425 r.
901 4375 927 4423 et
943 4369 1054 4425 Selinus
1072 4386 1140 4423 anno
1152 4385 1331 4435 nocuum,
1351 4367 1454 4426 lulisno
1561 4365 1562 4414 l

209 4472 271 4523 pur.
297 4471 387 4518 suu,
404 4455 569 4522 convenient,
580 4456 704 4511 Vinucius
721 4461 808 4510 sutem
825 4461 851 4508 et
868 4455 972 4509 Cassius
984 4471 1160 4519 nocuum„
1176 4455 1277 4508 lulieno
1288 4471 1378 4510 nxxvr.
1403 4454 1454 4509 Ge-

296 4539 427 4596 nucum
439 4543 506 4594 certe
518 4541 665 4595 oonsnlstns
676 4541 782 4596 incurrit
792 4541 818 4596 ln
832 4557 929 4596 ennurn
937 4541 1033 4596 'liberii
1044 4559 1086 4596 rr.
1098 4541 1228 4595 labentem
1243 4545 1270 4594 et
1283 4541 1318 4596 ab
1331 4541 1453 4612 Augusto
