3126 5046
284 285 290 297 ’
305 315 427 372 cenum

304 474 392 543 itaque
403 471 502 525 ratione
513 470 586 540 prius
602 469 666 523 illud
682 469 812 523 decretum
832 469 863 522 de
879 467 1034 522 celebrando
1051 485 1111 522 cnm
1129 469 1230 524 ludaeis
1248 467 1387 540 paschate,
1405 469 1428 522 si
1441 470 1468 524 in

303 559 389 611 verbis
400 557 464 628 ipsis
477 555 597 620 haereas,
609 555 751 608 absurdum
764 559 790 607 et
801 555 834 608 ab
847 555 1023 608 ecclesiastico
1035 555 1086 607 ritu
1095 571 1203 626 prorsus
1212 553 1355 609 abhorrens
1365 555 1468 610 ridetur.

304 643 364 696 Ideo
377 659 452 695 mens
464 641 520 694 eius
537 657 567 694 ac
584 641 713 694 sententia
727 641 814 710 magis
831 655 909 710 quam
921 655 999 693 voces
1015 639 1187 693 attendendae
1204 646 1273 694 sunt.
1308 640 1468 694 Sententiam

304 743 367 798 orgo
380 727 501 797 deinceps
513 727 634 798 explicat.
658 725 741 790 Quam
758 725 912 796 priusquam
929 725 1096 794 attingimus,
1113 725 1265 779 observabis
1276 726 1390 796 priorem
1400 727 1468 778 illam
1551 745 1552 772 ι

305 811 442 881 ἀντινομίαν
455 818 481 865 et
491 812 679 864 contrariarum
695 812 783 880 legum
801 809 963 875 conflictum,
985 825 1063 879 quem
1079 811 1105 864 in
1123 811 1272 882 exemplum
1289 812 1399 864 allatum
1414 827 1468 864 esse
1551 829 1552 836 ¹

305 898 433 963 diximus,
445 897 551 949 minime
563 895 611 950 hoc
624 897 681 950 loco
695 895 809 948 dissolri.
827 895 885 948 Non
897 897 968 950 enim
981 896 1096 966 explieat
1107 897 1237 967 quomodo
1250 897 1283 950 ab
1296 896 1414 966 generali
1426 897 1468 948 illa

305 983 336 1036 de
348 983 444 1036 ieiunio
457 982 639 1036 constitutione
652 981 782 1034 dominica
793 981 848 1034 dies
861 980 1016 1051 excipienda
1027 981 1069 1034 sit.
1087 981 1139 1034 Sed
1148 977 1212 1034 narb
1221 979 1382 1050 σιωπώμενον
1391 981 1469 1034 eximi

258 1051 266 1066 ‘¹
306 1067 451 1121 Christiano
463 1083 533 1120 more
546 1067 712 1137 significarit.
735 1065 774 1118 De
787 1082 838 1136 quo
850 1083 927 1118 nemo
941 1065 1083 1118 dubitabat.
1108 1065 1233 1129 Quocirca
1245 1082 1313 1137 quae
1325 1072 1469 1136 sequuntur
1551 1119 1552 1124 ,

306 1153 339 1206 ed
348 1149 486 1222 ἀντινομίαν
496 1153 603 1205 alteram
620 1167 650 1204 ae
663 1151 823 1222 quaestionis
836 1157 915 1222 caput
926 1151 1011 1221 ipsum
1023 1151 1146 1215 attinent,
1159 1157 1237 1220 atque
1247 1150 1311 1203 illud
1321 1151 1469 1221 explanant,
1551 1141 1552 1156 ¹

221 1277 227 1290 .
274 1275 280 1291 .
306 1255 357 1309 quo
370 1255 449 1292 sensu
461 1237 633 1308 apostolieum
644 1237 707 1290 illud
720 1237 851 1289 decretum
863 1236 1042 1306 accipiendum
1054 1237 1099 1300 sit,
1116 1251 1174 1290 cunr
1190 1235 1292 1289 ludaeis
1303 1235 1403 1307 pascha
1414 1253 1469 1288 esse

306 1323 496 1378 celebrandum.
530 1321 589 1375 Non
605 1323 675 1375 enirn
687 1327 811 1392 perpetuo
824 1337 882 1374 cum
895 1321 945 1375 illis
962 1321 1140 1392 peragendum
1153 1326 1204 1384 est,
1222 1320 1268 1374 sed
1283 1326 1341 1376 turn
1352 1321 1470 1374 videlicet

307 1426 367 1463 cum
377 1415 438 1480 post
448 1408 641 1478 aequinoctium
652 1407 691 1460 illi
702 1423 778 1460 suum
790 1405 888 1477 pascha
900 1407 1039 1461 celebrant.
1064 1407 1167 1475 Alioqui
1178 1407 1213 1471 si,
1230 1407 1268 1460 uti
1282 1423 1468 1477 saepenumero

305 1495 416 1560 faciunt,
428 1493 619 1564 aequinoctium
632 1497 809 1557 antevertant,
821 1491 940 1546 imitandi
952 1510 1004 1546 non
1016 1497 1100 1546 eruut.
1123 1491 1171 1544 Est
1181 1492 1261 1561 igitur
1272 1492 1339 1562 legis
1351 1492 1402 1546 ista
1412 1509 1469 1545 seu·
1551 1555 1552 1558 Ἴ

305 1581 397 1646 tentia,
414 1585 444 1632 ut
455 1577 619 1650 aequinoctio
635 1577 775 1630 commisso
787 1593 848 1630 curn
860 1577 960 1630 ludaeis
972 1575 1070 1648 pasche
1081 1577 1232 1632 celebretur.
1256 1577 1315 1642 llis,
1331 1593 1399 1646 quae
1410 1576 1468 1630 bae·
1551 1591 1552 1606 ³

305 1671 381 1719 tenus
403 1665 565 1728 dictasunt,
588 1662 722 1716 subductis
741 1662 862 1714 omnibns
884 1677 916 1714 ea
933 1662 964 1715 de
984 1663 1126 1732 apostolico
1147 1662 1192 1714 illo
1213 1661 1315 1716 decreto
1331 1661 1469 1733 Epiphanii

305 1751 434 1804 sententia
449 1749 588 1818 colligitur,
605 1749 695 1819 primis
713 1748 837 1800 ecclesiae
854 1747 1027 1818 temporibus,
1045 1747 1196 1817 praesertim
1214 1746 1338 1816 quamdiu
1355 1747 1469 1818 episcopi
1551 1779 1552 1810 ι

305 1853 339 1889 ex
347 1834 541 1890 circumcisione
549 1832 737 1903 Hierosolymis
745 1832 922 1902 praefuerunt,
934 1837 1060 1888 statutum
1070 1849 1128 1886 esse
1138 1832 1176 1884 uti
1186 1829 1285 1902 pascha
1295 1849 1356 1886 cum
1367 1831 1468 1886 ludaeis
1551 1835 1552 1860 ¹

306 1922 426 1985 obiretur,
443 1919 492 1973 hoc
508 1925 548 1972 est
564 1921 627 1972 luna
638 1937 692 1973 mv.
707 1933 897 1988 quamcumque
913 1919 941 1970 in
958 1918 1026 1970 diem
1041 1917 1173 1982 inciderit,
1192 1917 1332 1971 dummodo
1350 1917 1468 1971 coniecto
1551 1973 1552 1992 μ

305 2008 357 2060 iarn
375 2005 538 2075 aequinoctio
555 2003 699 2074 continget.
733 2003 774 2056 lta
785 2003 854 2056 enini
866 2003 943 2068 illud,
956 2001 1026 2073 quod
1037 2002 1143 2056 eaedem
1154 2003 1359 2057 Constitutiones
1371 2002 1469 2067 iubent

305 2091 404 2144 accidet
419 2097 448 2142 ut
459 2089 609 2159 lugentibus
624 2087 740 2154 ludaeis,
758 2087 807 2142 hoc
824 2094 864 2142 est
881 2105 932 2160 quo
950 2088 991 2142 die
1009 2103 1101 2156 asyma
1119 2105 1177 2141 cum
1195 2088 1303 2140 lactucis
1321 2088 1468 2158 agrestibus
1551 2117 1552 2138 ι

305 2175 456 2238 comedunt,
474 2175 609 2244 epulentur
626 2172 774 2227 Christiani.
810 2174 926 2226 Alterum
942 2177 1040 2238 antem,
1062 2179 1091 2226 ot
1104 2173 1156 2228 illis
1172 2173 1287 2226 vicissim
1302 2173 1468 2244 epulantibus

304 2261 412 2330 lugeant
422 2259 478 2324 isti,
495 2258 605 2311 obtineri
616 2275 670 2311 non
680 2263 778 2328 potest,
794 2258 845 2311 nisi
861 2257 983 2328 postridie
1000 2256 1132 2328 paschatis
1145 2256 1297 2322 Christiani,
1313 2258 1367 2311 sira
1383 2257 1467 2328 primo

307 2344 348 2398 die
361 2361 510 2414 azymorum
524 2343 699 2408 Iudaicorum,
710 2343 854 2396 ieiunatum
863 2359 910 2414 per
918 2341 982 2396 illud
991 2348 1094 2414 tempus
1105 2344 1131 2396 in
1142 2343 1251 2396 ecclesia
1259 2343 1341 2397 tuisse
1351 2344 1468 2396 velimus.
1551 2335 1552 2370 l

306 2429 381 2494 Quod
391 2429 619 2482 ostfalaissimum.
655 2427 760 2481 Certum
778 2427 847 2482 enim
863 2433 903 2480 cst
913 2429 975 2482 totis
987 2429 1038 2482 illis
1051 2429 1241 2498 quinquaginta
1252 2428 1357 2495 diebus,
1374 2430 1419 2500 qui
1435 2427 1468 2480 sd

304 2519 471 2586 pentecosten
483 2514 671 2568 intercedente
682 2511 819 2588 paschate,
835 2513 962 2567 ieiunium
978 2514 1011 2566 ab
1028 2514 1138 2567 ecclesia
1155 2531 1213 2567 esse
1231 2513 1373 2568 sublatum.
1395 2513 1467 2567 Tunc

305 2601 385 2670 igitur
400 2601 486 2654 solum
502 2599 604 2654 evenho
620 2598 684 2652 illud
699 2599 798 2670 potuit,
816 2603 845 2652 ut
860 2599 1025 2670 epulantibus
1040 2597 1142 2652 ludaeis
1159 2597 1300 2652 Christiani
1314 2600 1468 2664 ieiunaraut,

306 2687 406 2756 quoties
423 2691 483 2739 ante
495 2702 603 2739 vernum
620 2684 813 2754 aequinoctium
825 2700 841 2736 a
853 2683 954 2738 ludaeis
968 2681 1065 2754 pascha
1081 2689 1257 2755 perageretur,
1272 2685 1335 2755 quia
1352 2685 1466 2738 nondum

305 2770 443 2825 Christiani
458 2771 584 2824 ieiunium
599 2770 741 2823 solvebant.
766 2769 862 2822 Verum
879 2770 951 2823 nulla
968 2775 1023 2822 taur
1040 2771 1176 2823 enucleata
1191 2768 1268 2822 huius
1285 2776 1312 2822 et
1327 2770 1466 2841 superioris

304 2857 405 2910 numeri
417 2856 554 2908 declaratio
566 2860 653 2926 potest
663 2855 819 2924 excogitari,
837 2855 899 2924 quin
914 2855 1055 2924 plurimum
1073 2853 1155 2908 adhuc
1172 2855 1332 2909 difficultatis
1348 2855 1466 2926 supersit.

305 2941 367 3006 Quis
380 2942 449 2994 euim
461 2941 677 3012 pseudodictaxes
689 2941 753 2992 istas
765 2940 831 2993 inter
848 2956 875 2992 se
892 2939 1030 2994 conciliare
1047 2941 1143 3011 possit,
1160 2957 1220 2994 cunr
1236 2941 1300 2993 alias
1317 2939 1466 3012 paschatu-

305 3027 377 3080 daice
389 3026 570 3080 celebrandum
583 3041 640 3078 esse
651 3025 791 3090 definiunt,
808 3025 927 3095 quamvis
939 3025 1059 3078 aberrent
1070 3023 1169 3090 ludaei,
1184 3025 1248 3078 alias
1260 3025 1363 3080 ludaeis
1375 3041 1467 3096 azyma

304 3113 489 3182 peragentibus
500 3111 604 3164 ieiuniis
616 3127 647 3163 ac
657 3109 755 3180 vigiliis
768 3109 869 3181 operari
880 3108 1059 3164 Christianos?
1075 3128 1105 3164 uc
1116 3111 1216 3180 reliqua
1232 3109 1266 3163 ad
1280 3128 1340 3164 eum
1351 3111 1465 3174 modum,

228 3205 234 3214 '
305 3213 371 3268 quae
384 3196 455 3248 nulla
466 3196 641 3265 interpretatio
654 3197 687 3249 ab
700 3211 784 3249 errore
795 3203 937 3266 mutuaque
949 3197 1111 3250 contentione
1123 3195 1253 3250 uindicare
1265 3201 1360 3268 potest

372 3280 403 3334 N.
415 3297 462 3336 nm.
485 3278 548 3350 llep’
559 3279 617 3350 ἡμῖν
630 3279 657 3332 dl
674 3279 702 3332 οὐ
721 3279 785 3350 pta]
820 3280 872 3334 Sex
891 3281 945 3334 dias
963 3279 1151 3335 hebdomadem
1168 3281 1278 3348 iaciunt,
1297 3281 1466 3337 adnumerata

304 3365 434 3436 paschatis
447 3366 606 3430 celebritate,
618 3381 684 3436 quae
696 3363 885 3420 hebdomadem
896 3365 1026 3421 terminat.

372 3449 488 3502 Tourtorr
500 3454 541 3517 τῆς
553 3449 675 3518 celime]
691 3451 763 3504 llaec
775 3457 815 3504 est
826 3453 925 3521 glossa,
939 3467 1017 3522 quam
1030 3469 1063 3506 ox
1076 3451 1208 3506 communi
1220 3453 1350 3506 sententia
1361 3453 1393 3506 ad
1404 3453 1465 3506 scri·

304 3543 394 3607 pturae
405 3537 491 3589 locum
503 3535 629 3590 adtexuit.
650 3535 740 3606 Neque
752 3537 821 3588 enim
833 3537 910 3590 lunae
921 3538 1049 3608 scriptura
1060 3535 1109 3591 hcc
1121 3539 1147 3590 in
1161 3538 1266 3607 negotio
1278 3539 1408 3604 meminit,
1418 3538 1465 3591 sed

304 3639 422 3676 mensem
433 3621 560 3674 duntaxat
571 3621 697 3674 nominat.
720 3620 773 3674 Nos
785 3621 816 3674 de
828 3621 981 3675 ludaeorum
993 3639 1062 3676 anno
1074 3640 1153 3693 supra
1164 3621 1342 3680 disseruimus.

239 3776 243 3784 μ
371 3706 418 3758 llcl
429 3704 469 3758 ἐὰν
482 3705 525 3775 μὶν
537 3699 566 3772 ἦν
578 3703 845 3776 τεσσαρεσκαιδεκάτῃ]
879 3707 937 3760 Νοιι
952 3709 1029 3761 unius
1042 3707 1091 3762 diei
1102 3707 1246 3778 paschatis,
1264 3709 1311 3762 sed
1325 3709 1405 3763 totius
1419 3707 1464 3761 he-

303 3791 437 3847 bdomadis
448 3791 575 3844 rationem
586 3789 665 3844 babet
676 3791 796 3857 ecclesia,
808 3807 887 3862 quam
898 3792 1085 3864 xerophagiae,
1103 3799 1148 3847 aut
1159 3803 1290 3858 sanctum,
1307 3801 1355 3848 aut
1361 3793 1464 3865 perclo

304 3879 382 3932 etiam
393 3877 567 3948 appellarunt,
584 3882 613 3929 ut
627 3876 660 3929 ad
671 3876 751 3930 finem
763 3875 840 3930 huius
852 3877 936 3948 operis
953 3877 1115 3932 adnotamus.
1151 3879 1178 3932 Si
1196 3879 1277 3948 igitur
1291 3897 1346 3933 xrv.
1359 3881 1419 3934 luna
1433 3880 1464 3932 in

303 3964 395 4016 teriam
406 3961 548 4015 secundam
559 3961 690 4027 inciderit,
704 3963 788 4015 autin
799 3963 911 4033 reliquos
924 3962 1099 4017 hebdomadae
1111 3963 1166 4017 dies
1177 3963 1210 4016 ad
1222 3964 1364 4018 sabbatum
1374 3979 1464 4033 usque,

302 4046 443 4101 hebdomas
455 4046 632 4119 xerophagiae
644 4047 796 4112 celebratur,
808 4053 834 4100 et
845 4064 860 4100 e
872 4048 937 4101 teria
945 4049 1058 4102 secunda
1067 4050 1121 4102 eius
1131 4049 1234 4102 initium
1243 4049 1354 4102 ducitur.
1370 4049 1463 4102 Totam

303 4131 369 4186 hauc
381 4131 569 4186 hebdomadem
582 4133 647 4203 θῦμα
659 4130 796 4200 προβάτου,
809 4138 984 4187 tractationem
997 4139 1060 4202 σιμοί
1069 4140 1214 4205 nuncupat,
1227 4135 1288 4204 quia
1298 4137 1327 4188 iu
1339 4139 1464 4206 apparatu

304 4217 459 4270 celebritatis
471 4225 497 4271 et
508 4217 693 4271 immolationis
705 4217 760 4269 dies
772 4218 869 4288 aliquot
881 4235 897 4270 a
909 4218 1010 4272 Iudaeis
1024 4219 1085 4272 clim
1096 4221 1183 4290 positi
1203 4218 1270 4272 Nam
1284 4217 1359 4288 μέσον
1372 4215 1463 4288 ἄγεται,

304 4307 418 4371 utsupra
427 4301 570 4366 docuimus,
583 4301 645 4354 nihil
655 4301 725 4354 aliud
734 4307 782 4366 est,
795 4319 873 4372 quam
883 4305 1033 4367 celebratur,
1040 4311 1185 4374 percepitur.
1203 4303 1247 4358 Sic
1259 4303 1323 4357 illud
1333 4305 1463 4368 Ioanmrr.¹

306 4385 343 4438 14.
360 4384 406 4451 ἤδη
424 4385 450 4438 et
466 4391 507 4453 τῆς
523 4383 607 4458 ἑορτῆς
619 4386 740 4457 μεσούσης
756 4389 838 4458 accipi
852 4393 945 4458 potest.
981 4387 1116 4442 Caeterum
1134 4389 1292 4456 dominicae,
1312 4391 1366 4444 sire
1382 4389 1464 4442 feriae

303 4471 402 4539 primae
411 4468 459 4523 hcc
468 4473 524 4525 leco
535 4489 588 4525 non
599 4471 730 4536 meminit,
743 4473 811 4542 quod
823 4473 856 4526 ab
869 4490 900 4526 ee
911 4491 1045 4544 nunquam
1057 4473 1232 4545 xerophagiae
1243 4471 1386 4529 hebdomas
1396 4475 1464 4528 inire
1551 4471 1552 4504 l

302 4553 398 4628 possit,
409 4569 467 4608 cum
480 4555 608 4610 dominico
620 4556 660 4611 die
671 4555 786 4612 ieiunare
798 4574 851 4612 uon
862 4557 946 4612 liceat.
969 4559 1003 4612 Et
1013 4567 1099 4614 temen
1112 4560 1135 4613 si
1147 4561 1174 4612 in
1187 4576 1244 4613 eam
1257 4578 1309 4614 xre.
1320 4561 1393 4614 lunae
1405 4557 1462 4612 dies
