3126 5046
1149 335 1260 396 ῦῦῘΝΙΙ

91 489 286 560 quartadecima
300 489 342 540 «lie
354 491 456 551 metiris,
474 489 511 541 ad
523 507 664 559 uesperam,
683 491 815 543 comedetis
831 507 934 557 orpora,
953 509 1028 562 usque
1045 494 1082 545 ad
1092 495 1258 564 diem-uiqees'-

92 594 157 627 mam
166 577 281 644 primam
293 577 402 626 eiusdem
415 579 516 639 menois,
529 578 566 628 ad
576 593 715 644 streperem.
732 576 830 644 Septem
840 577 927 628 diebus
929 581 1082 645 sarmentum
1091 597 1138 630 ooo
1149 583 1260 631 inuenie-

92 671 132 712 tur
140 665 168 711 io
177 660 290 712 domitia
302 663 404 723 uestris,
421 660 499 730 idque
511 659 725 725 Deuteron.xv1.,
743 660 767 714 3.
783 667 922 730 repetatur,
940 669 1028 716 tamen
1040 663 1155 716 eiusdem
1167 665 1258 734 eapitis

91 743 317 798 commutabam
329 751 431 798 tantum
444 745 535 798 diebus
548 761 640 814 azyma
651 745 753 799 comedi
763 746 861 802 iubeat.
897 746 970 800 Unde
987 747 1018 802 R.
1031 747 1136 802 Selomo
1153 749 1259 803 adeum

91 831 179 884 iesum
195 830 360 884 atraere:
392 832 484 923 quem
503 835 597 892 masa
617 836 974 895 metaumaucensis
993 801 1100 904 obses
1122 805 1167 904 bo
1185 807 1257 904 emh

91 903 191 1004 bbere
215 937 258 1024 qm
281 937 360 994 unte
380 933 476 996 mm
499 904 591 1006 §bus
608 937 709 998 *ouum
726 939 823 998 summ
841 937 944 996 :aas
963 901 1069 1004 monh
1088 903 1161 1008 emb
1180 941 1258 998 mos

92 1039 156 1096 suu
175 1039 271 1099 amno
288 1005 333 1108 ho
351 1003 448 1110 rubo
467 1004 530 1108 ube
549 1041 642 1098 nunu
664 1008 736 1110 aba
761 1045 798 1096 m
821 1041 906 1098 mum
925 1008 1033 1108 abusu
1057 1042 1138 1126 pso
1161 1009 1258 1112 sabb

92 1143 188 1200 rimu
212 1107 283 1210 obs
306 1143 355 1230 qs
380 1143 474 1200 osne
492 1146 595 1202 oessin
614 1145 671 1201 mm
689 1145 752 1200 aa*
771 1111 832 1210 is:
850 1109 948 1210 ’oham
966 1111 1011 1210 'm
1034 1111 1130 1214 νὺξ
1152 1112 1259 1210 Nos

92 1245 188 1302 mitt
208 1243 292 1332 19²?
310 1245 458 1302 mmihi-'t
474 1244 613 1333 quereum
631 1211 748 1313 ‚75¹³th
766 1247 846 1338 Viri·
880 1242 936 1296 Hoc
948 1249 1000 1295 est:
1019 1243 1101 1296 Docet
1112 1246 1142 1296 de
1154 1246 1258 1297 mandu-

92 1347 194 1396 catione
206 1359 347 1410 azymorum
359 1347 387 1394 iu
398 1345 441 1395 die
449 1359 504 1406 vm,
520 1346 724 1412 quemadmodum
741 1361 788 1396 nou
801 1346 886 1398 debila
904 1363 936 1397 ac
954 1349 1100 1398 necessaria
1117 1351 1158 1399 eil.
1194 1346 1259 1398 Inde

91 1432 173 1496 iqitur
191 1431 273 1491 dirce,
289 1431 356 1498 quod
371 1429 409 1480 ad
419 1447 446 1482 rr
461 1431 515 1482 dies
531 1433 632 1492 auisset,
650 1433 766 1498 quioniam
784 1447 841 1482 eece
857 1435 977 1500 septimus
993 1433 1047 1483 dies
1059 1449 1114 1483 eum
1124 1434 1152 1483 lu
1163 1449 1259 1484 sumam

92 1512 353 1584 comprehenderetur,
371 1513 404 1566 ab
421 1532 452 1565 eo
469 1523 588 1583 exceptus
599 1524 645 1578 eet,
661 1524 689 1566 at
699 1517 841 1567 ostenderet
853 1533 993 1583 azymorum
1006 1521 1032 1567 in
1045 1518 1089 1569 illo
1101 1519 1142 1570 die
1154 1519 1259 1569 mandu-

93 1603 218 1652 cationem
228 1603 378 1669 permissam
391 1601 612 1667 dremaeatsuisee.
642 1599 730 1668 Neque
742 1619 802 1652 nero
814 1609 843 1651 ut
853 1602 884 1652 de
896 1601 942 1652 lroc
955 1603 1006 1653 uolo
1019 1603 1060 1653 die
1072 1604 1172 1654 doceret
1182 1605 1258 1667 eamd,

92 1685 150 1737 ideo
163 1693 281 1754 receptur
293 1693 340 1748 est,
353 1685 400 1736 red
411 1693 439 1736 ut
449 1685 515 1736 idem
525 1687 556 1737 ele
568 1694 619 1737 tota
630 1687 727 1738 die-rum
739 1703 835 1737 mmma
847 1687 1035 1754 intelliqendum
1047 1688 1207 1756 relinqueret,
1221 1691 1259 1739 oi-

92 1774 184 1822 mirum
196 1773 235 1822 uti
244 1773 349 1840 septimo
362 1771 403 1822 die
410 1773 562 1839 permissum
573 1781 610 1822 ert
620 1771 698 1822 solum
710 1774 805 1838 asperius
816 1773 896 1834 uesci,
913 1775 952 1823 ita
964 1773 1068 1841 reliquie
1080 1773 1191 1829 omnibus
1197 1791 1259 1842 per·
1284 1786 1305 1826 1²·
1314 1774 1358 1818 ²⁹⁴·

92 1859 195 1906 mierum
207 1864 245 1908 ert
254 1856 320 1924 (non
331 1855 499 1925 imperatum)
511 1865 618 1925 recepta
629 1865 701 1908 rioete
708 1859 810 1926 pea'ma,
830 1873 903 1924 quum
916 1860 1049 1926 scriptura
1061 1875 1202 1925 azymorum
1213 1875 1259 1909 usu

92 1940 301 2008 obliqarieoluit.
335 1940 404 1992 Haec
423 1941 475 1994 ille.
510 1939 584 2004 Quod
602 1957 635 1994 ex
649 1941 739 1994 eodem
752 1939 1260 2012 R.Salomoneglossacap.v11.traeta·

92 2029 134 2078 tos
155 2023 288 2078 Kiddoseh
308 2023 475 2078 Hachodescb
495 2025 639 2080 evidentius
660 2023 701 2078 bis
721 2026 807 2079 verbis
828 2026 954 2080 affirmat:
991 2027 1142 2089 mmm
1163 2033 1259 2090 ’πῃπῇ

93 2127 207 2191 rrum
225 2098 332 2199 obem
351 2129 505 2192 :tuom
523 2131 626 2190 -ννννν
646 2131 723 2190 :u
747 2133 791 2193 m
816 2135 893 2193 rme
913 2101 967 2202 bn
984 2131 1122 2220 quorum
1141 2099 1258 2202 roba

92 2234 178 2318 Vtar!
196 2201 279 2302 ΒΝ
299 2201 376 2300 uhtu
397 2200 504 2304 'tzhzt
528 2233 630 2292 tmtum
668 2229 791 2293 Quoniam
810 2250 868 2284 eece
886 2252 902 2284 a
920 2233 1005 2286 taedia
1023 2243 1094 2285 nocte
1106 2237 1195 2302 primia
1208 2253 1260 2303 po-

92 2315 267 2386 eulaliaeque
280 2319 317 2368 ad
327 2334 381 2372 m.
393 2318 458 2368 diem
471 2317 635 2370 marrdueab'o
648 2335 791 2384 azymorum
802 2321 944 2388 permissa,
961 2337 991 2370 ea
1008 2319 1062 2386 leqe
1079 2319 1215 2381 duntaxat,
1234 2327 1261 2370 ut

86 2403 243 2469 sermentato
256 2420 304 2454 aon
313 2412 454 2454 vescantur.
473 2401 512 2456 Ex
524 2401 557 2454 iis
568 2403 650 2472 liquet
662 2418 707 2455 our
718 2401 847 2474 paschalis
860 2419 942 2456 coena
953 2403 1039 2456 luctus
1052 2407 1077 2456 at
1089 2402 1259 2458 solicitudinis

92 2491 278 2556 argumentum
286 2484 422 2552 habuisse,
435 2487 527 2558 reliqui
536 2487 591 2540 dies
603 2504 754 2558 azymorum
763 2487 857 2540 hilares
869 2505 899 2541 ao
911 2489 972 2542 laeti
984 2489 1016 2542 ab
1025 2487 1169 2560 Epiphanio
1179 2489 1260 2542 luisse

92 2571 221 2625 dieantur.

162 2655 231 2710 Μετὰ
243 2656 290 2728 γὰρ
303 2653 406 2728 ἑσπέραν
418 2656 602 2728 repetituros]
630 2657 805 2728 Negationem
817 2657 1019 2728 expungendam
1031 2674 1087 2710 esse
1100 2674 1258 2724 censueram,

92 2747 122 2795 ut
138 2743 177 2796 its
193 2743 326 2814 scripserit
341 2741 514 2814 Epiphanius,
532 2742 696 2812 παρελθόντος
715 2748 758 2794 τοῦ
777 2740 901 2810 σαββάτου
919 2743 1033 2794 δύνανται
1050 2739 1120 2812 ἔργον
1133 2739 1257 2798 ἐπιτελεῖν.

91 2827 162 2882 Nam
177 2827 241 2881 illud
259 2827 288 2880 οὐ
305 2845 337 2881 ex
354 2829 481 2900 superiori
497 2829 613 2898 genitivo
630 2828 767 2898 repetitum
784 2829 893 2881 ridetur.
929 2827 962 2880 Iit
978 2844 1038 2881 vero
1058 2843 1177 2880 caussam
1195 2829 1259 2892 eins,

92 2913 163 2984 qnod
173 2914 294 2984 proxime
303 2913 416 2978 dixerat,
428 2913 570 2984 posteriore
582 2913 632 2966 hoo
644 2913 760 2966 membro
773 2912 843 2965 reddi
855 2917 1010 2976 statueram,
1023 2912 1145 2966 nimirum
1157 2929 1203 2966 cur
1215 2931 1259 2983 ep·

92 3003 198 3069 petente
210 2999 354 3056 dominicae
363 3015 472 3070 uespera
482 2999 618 3052 immolare
628 2997 725 3068 pascha
736 2997 822 3063 liceat,
836 2999 960 3068 quoniam
972 2999 1024 3051 iam
1037 2997 1175 3052 sabbatum
1186 3015 1259 3068 prae·

93 3085 208 3150 terierit;
221 3102 272 3156 qno
282 3085 385 3140 evoluto
398 3085 449 3137 iam
463 3083 494 3136 ad
508 3101 572 3154 opus
585 3083 625 3136 les
638 3083 673 3136 sit
684 3083 799 3154 aggredi.
824 3083 902 3154 Atqui
913 3081 978 3136 hoec
989 3084 1118 3136 sententia
1128 3081 1221 3136 falsam
1234 3090 1260 3136 et

93 3169 242 3223 absurdam
255 3171 382 3223 rationem
399 3171 526 3235 continet,
543 3168 617 3238 quasi
632 3169 741 3222 sabbato
758 3169 904 3222 sacrificare
916 3170 1025 3222 uetitum
1042 3169 1126 3222 luerit
1158 3169 1259 3222 Fateor.

92 3254 144 3308 Sed
158 3271 218 3308 eam
230 3261 317 3310 tamen
329 3253 468 3326 Epiphanii
480 3255 559 3308 verba
569 3253 627 3326 ipse
638 3269 700 3324 prae
712 3270 740 3307 se
752 3253 847 3306 ferunt.
882 3253 961 3306 Cuius
980 3255 1072 3308 erroris
1085 3255 1260 3325 suspicionem

92 3339 127 3393 ab
140 3358 172 3394 eo
184 3357 317 3394 removere
328 3341 365 3394 its
376 3341 531 3411 poterimus,
548 3339 571 3393 si
586 3343 689 3410 recepta
704 3339 852 3408 negationis
869 3340 995 3408 particula
1011 3356 1118 3393 sensum
1136 3338 1203 3392 huno
1215 3340 1259 3392 eli-

92 3427 208 3492 ciamus,
226 3425 371 3480 dominicae
383 3431 520 3496 appetente
533 3441 652 3496 vespera,
667 3422 766 3494 pascha
777 3423 907 3476 immolari
918 3423 1031 3479 licuisse.
1067 3423 1134 3477 Nam
1146 3430 1206 3494 post
1217 3441 1259 3478 ve-

91 3529 213 3582 speram,
228 3509 311 3565 desito
323 3512 377 3566 iam
390 3511 512 3575 sabbato,
531 3526 595 3580 opus
607 3507 690 3574 istud,
708 3525 800 3580 nempe
813 3509 997 3562 mactationem
1009 3511 1085 3580 agni,
1102 3528 1155 3563 non
1167 3510 1260 3563 licebat

91 3597 204 3667 exequi,
219 3601 356 3668 propterea
372 3595 441 3667 quod
455 3595 630 3650 immolandus
647 3609 731 3664 agnus
748 3593 798 3646 init
815 3597 950 3658 ΕὫὋἯ
967 3597 1004 3682 q:
1021 3599 1087 3647 iotcr
1099 3597 1164 3648 duas
1175 3614 1259 3665 νεφε-

91 3702 153 3748 rae,
175 3683 202 3735 id
221 3688 262 3736 est
277 3683 311 3736 ab
328 3681 393 3736 hora
410 3700 446 3737 rx.
465 3682 498 3734 ad
515 3700 560 3748 rr,
578 3687 607 3733 nt
624 3677 749 3750 Iosephus
767 3680 888 3750 exponit,
908 3679 951 3732 lib.
964 3697 1010 3733 sn.
1028 3679 1106 3734 ἂλωσ.
1125 3697 1181 3752 cap.
1198 3699 1258 3734 unu.

90 3769 214 3823 velxvn.

162 3849 228 3924 'Apa
239 3851 286 3925 γὰρ
299 3851 380 3905 αὐτῶν
393 3849 537 3920 hoedorum]
560 3851 686 3905 Postridie
698 3851 808 3915 scilicet,
820 3866 851 3902 ac
863 3855 922 3920 post
935 3851 1041 3920 epulum
1051 3850 1181 3921 paschale.

163 3937 277 4009 Νοήμονι
289 3935 315 3991 bi
327 3939 395 3990 πᾶσα
406 3933 462 4003 ἔστη
475 3935 490 4003 ἡ
503 3935 622 4003 eii-albem]
650 3935 704 3988 lam
717 3935 808 3988 horum
821 3935 958 3988 verborum
969 3936 1048 4006 paulo
1061 3943 1119 3990 ante
1132 3935 1261 3988 declarata

89 4026 227 4080 sententia
238 4027 285 4078 est.
314 4023 377 4077 Vult
388 4023 456 4076 enirn
468 4023 495 4074 in
508 4021 656 4092 apostolicis
668 4021 720 4073 illis
733 4019 967 4074 constitutionibus
979 4021 1134 4090 legislatoris
1146 4027 1261 4076 mentem

89 4111 183 4182 potius
195 4125 274 4180 qnam
286 4109 366 4164 verba
376 4109 434 4180 ipsa
445 4108 563 4178 spectari.
600 4105 674 4169 Quod
686 4111 715 4158 ut
727 4105 885 4170 ostenderet,
902 4102 1067 4174 ἐναντιοφανὲς
1083 4105 1206 4176 quiddam
1223 4113 1260 4159 at-

89 4197 167 4261 tulit,
186 4193 255 4265 quod
271 4195 300 4248 in
315 4193 408 4248 iisdem
424 4193 560 4246 Constitui.
579 4191 768 4262 praescribitur.
803 4191 931 4244 Nimirum
943 4190 1012 4260 qnod
1024 4191 1051 4242 in
1063 4207 1116 4243 uno
1128 4191 1260 4244 sanctione

88 4281 200 4346 iubent,
217 4297 268 4350 qno
281 4279 322 4332 die
334 4277 422 4332 Iudaei
433 4279 545 4350 primum
558 4277 655 4345 azymis
669 4282 809 4329 vescuntur
827 4283 853 4330 et
864 4279 966 4346 lugent,
984 4275 1082 4346 epulari
1094 4275 1261 4342 Christianos,

88 4383 154 4421 eum
170 4373 261 4420 antem
276 4365 413 4436 epulantur
429 4363 480 4428 illi,
492 4362 612 4418 ¹vicissim
628 4363 743 4414 ieiunare
760 4363 824 4414 istos
841 4378 872 4414 oo
888 4363 986 4430 lugere.
1021 4361 1108 4414 Altera
1124 4378 1185 4415 vero
1203 4363 1261 4432 iege

87 4451 263 4524 praecipitur,
274 4457 303 4504 nt
314 4467 347 4504 ne
360 4449 489 4503 dominico
502 4447 542 4500 die
554 4447 682 4499 ieiunetur
694 4463 818 4517 nuquam.
837 4446 908 4510 Quae
921 4447 971 4499 duo
984 4446 1095 4500 invicem
1107 4453 1261 4519 repugnant,

87 4539 114 4592 si
128 4535 163 4592 ad
174 4537 256 4590 rerba
268 4535 396 4589 duntaxat
406 4533 537 4606 respicias.
572 4531 785 4606 interpretatione
804 4532 883 4602 igitur
900 4531 1047 4585 adiuvanda
1062 4537 1130 4586 sunt.
1165 4531 1261 4585 Eodem

147 4641 214 4691 corp.
224 4639 350 4681 unimur
359 4639 398 4678 111.
1038 4635 1061 4688 R
