3104 5038
290 319 471 376 sotumi

289 491 382 530 menos
393 475 460 530 irlso
471 475 498 528 in
511 473 648 529 Sirmiensi
658 473 758 544 synodo
773 473 947 544 conscriptam
962 479 1122 530 asseverant.
1156 473 1225 528 lietu
1239 479 1281 528 est
1297 473 1368 529 enim
1388 487 1457 528 enno

289 561 395 616 demum
407 576 513 615 cocum.
531 559 643 614 Eusebio
661 566 688 612 et
700 559 813 630 Hypatio
825 575 892 614 coes.
911 577 947 614 xr.
960 559 1018 615 Kal.
1031 559 1132 625 iunias,
1149 565 1179 614 ut
1189 558 1350 614 Athenaslus
1365 560 1416 614 lit.
1427 559 1457 613 de

289 645 403 716 synodis
415 645 495 698 docet.
530 645 581 708 Qui
591 644 647 698 dies
658 644 722 715 prid.
734 649 898 715 pentecostes
912 645 977 710 fuit,
995 645 1064 714 quod
1075 643 1235 716 uptpimius
1246 643 1297 700 hoc
1307 646 1334 700 in
1346 647 1409 699 loco
1421 651 1457 698 te

288 736 380 784 emtor.
403 731 468 784 vide
480 745 546 800 quae
557 721 679 783 Nicoleus
690 730 775 783 Feber
785 729 866 801 preci.
879 729 912 783 ad
923 730 1015 784 Hilarii
1025 730 1174 800 fragmenta
1188 731 1306 801 dbpntet
1320 747 1385 802 pag.
1399 729 1457 786 375.

288 815 372 886 Igitur
388 821 448 886 posi
462 817 630 884 Aneyrunum
641 816 790 871 consitum
812 815 925 869 Basilius
953 815 1049 886 aliique
1066 815 1288 870 semiarianorum
1304 816 1390 886 legam'
1405 815 1458 869 Sir·

287 903 372 956 mium
383 900 418 955 ed
427 901 608 972 imperatorem
619 900 729 971 preteeti
745 901 833 954 literas
850 902 884 954 eb
900 917 930 954 eo
949 906 1042 955 eontra
1051 901 1201 954 Eudoxium
1212 906 1239 954 et
1249 902 1402 955 Auomoeua
1413 917 1458 954 ea·

288 992 447 1057 presserunt.
471 986 539 1040 'l'um
556 985 587 1039 de
604 985 745 1040 eorundem
763 987 872 1040 consilio
887 987 1029 1056 imperator
1043 986 1076 1040 ad
1087 1003 1130 1040 res
1141 985 1317 1040 Antiochense
1327 987 1459 1040 ecclesiae

288 1070 494 1142 componendas,
506 1087 585 1142 quem
595 1071 729 1125 Eudoxius
741 1077 843 1142 praeter
854 1087 967 1126 emoneo
979 1077 1127 1142 occuparet,
1139 1073 1217 1126 simul
1228 1072 1261 1125 ad
1269 1072 1339 1126 isti
1351 1077 1380 1126 ee
1388 1072 1459 1126 Ano·

289 1173 423 1212 mosorum
434 1156 625 1228 profligendam
637 1157 809 1227 impietatem,
826 1173 925 1210 novem
940 1156 1069 1226 synodum
1086 1173 1248 1228 congregare
1262 1159 1369 1222 statuit,
1388 1157 1459 1228 qnod

289 1259 369 1314 supra
379 1244 407 1296 ie
418 1259 545 1296 annorum
558 1243 665 1312 synopsi
676 1243 873 1298 deelererimus.
896 1241 991 1296 Postea
1002 1257 1061 1296 oum
1073 1242 1106 1296 de
1116 1243 1195 1309 urbe,
1211 1243 1240 1296 in
1250 1259 1303 1313 que
1313 1259 1458 1297 consensus

288 1327 380 1384 haberi
394 1334 494 1399 posset,
511 1343 678 1398 nequaquem
693 1328 809 1398 episcopi
819 1329 1000 1394 convenirent,
1016 1327 1129 1382 Besilius
1146 1344 1215 1382 enno
1226 1341 1354 1383 comem.
1366 1343 1460 1382 rursus

289 1414 322 1468 ed
332 1415 515 1484 imperatorem
526 1413 651 1467 Sirmium
663 1413 774 1466 adsolet
807 1412 880 1467 Prior
896 1414 967 1468 enim
983 1413 1109 1484 protectio
1126 1414 1153 1467 in
1171 1429 1271 1468 ennom
1285 1414 1459 1484 superiorem,

289 1515 341 1570 quo
353 1505 381 1552 et
390 1499 558 1568 Aneyranum
569 1499 707 1552 concilium
719 1498 877 1552 celebratum
889 1504 936 1564 est,
948 1500 1064 1554 incurrit.
1080 1499 1121 1552 Ibi
1132 1515 1192 1552 eum
1204 1498 1351 1564 Urseelum,
1361 1499 1459 1552 Valen-

289 1589 355 1650 tem,
370 1585 489 1638 Marcum
505 1583 685 1651 Arethusium,
703 1583 845 1655 Georgium
862 1583 1081 1650 Alexandrinum,
1100 1583 1262 1639 Geminium
1283 1585 1405 1654 fflusque
1420 1584 1459 1637 ia·

289 1671 381 1724 edonis
393 1671 504 1724 Arianae
515 1669 644 1740 principes
656 1668 819 1734 offendisset,
837 1685 896 1724 eum
913 1669 965 1723 illie
983 1685 1140 1740 congressus
1157 1675 1210 1734 est,
1228 1685 1259 1723 ec
1274 1673 1335 1740 posi
1346 1670 1460 1740 longera

288 1756 484 1810 altercationem
496 1755 601 1808 demum
613 1755 773 1809 allaborante
785 1755 937 1814 Oensmntio
954 1755 982 1808 in
998 1771 1058 1808 eam
1071 1755 1133 1808 tidei
1143 1754 1331 1826 protensionem
1345 1771 1459 1810 eenam-

288 1857 348 1895 sum
359 1841 393 1895 eb
405 1841 526 1894 omnibns
538 1847 586 1905 est,
597 1845 627 1893 ut
635 1839 718 1901 sister
728 1846 755 1893 et
763 1837 896 1910 dpouoeloo
905 1841 1009 1894 ebolitis
1017 1841 1126 1894 vocibus
1133 1839 1218 1894 lilium
1229 1841 1298 1912 patri
1307 1857 1357 1912 per
1367 1841 1459 1895 omnia

288 1927 402 1980 similem
418 1925 587 1980 affirmarem.
622 1925 671 1979 cui
686 1925 783 1980 Valens
799 1925 895 1980 invitus
912 1926 1077 1996 subscripsit,
1095 1925 1211 1980 Besiliue
1227 1941 1301 1992 sero,
1317 1926 1393 1996 quod
1409 1927 1459 1980 im·

288 2017 389 2084 petrere
406 2011 515 2064 minime
530 2011 670 2082 potuisset,
687 2016 717 2064 ut
732 2011 760 2064 in
776 2011 889 2066 termule
905 2012 964 2082 ipse
975 2012 1117 2065 sudetomio
1129 2013 1220 2064 essm
1231 2011 1360 2065 diceretur
1375 2011 1459 2078 iilius,

288 2097 316 2150 in
328 2096 516 2166 enmomptione
527 2111 577 2148 sue
588 2095 650 2166 quid
661 2097 769 2150 sentiret
779 2101 903 2150 testatum
912 2097 1001 2160 soluit,
1018 2103 1048 2150 ut
1057 2094 1107 2150 hoe
1119 2097 1177 2150 loce
1188 2095 1459 2168 nerretEplphsmiua.

288 2181 385 2235 Valens
402 2197 462 2234 eum
476 2179 527 2234 trec
541 2180 726 2234 termuleiidel
742 2182 830 2235 statim
846 2181 881 2235 ad
892 2182 1055 2236 Ariminense
1072 2181 1212 2235 coneffimn
1228 2181 1352 2252 perrexit.
1385 2181 1460 2236 inter

288 2267 380 2320 Hilerii
390 2265 539 2336 fingmente
550 2271 637 2320 exstat
648 2267 758 2336 epistole
770 2265 909 2333 (terminii,
926 2283 961 2320 ex
977 2283 1030 2338 que
1045 2267 1109 2320 illud
1124 2271 1260 2337 presterea
1272 2269 1457 2338 cognosciutr:

289 2367 351 2406 cum
361 2357 498 2422 praesente
510 2349 662 2404 Constantio
674 2352 779 2421 longius
791 2352 824 2404 ed
836 2359 939 2406 noctem
951 2369 1033 2422 usque
1044 2352 1147 2424 prolete
1162 2359 1233 2406 asset
1248 2352 1280 2406 de
1296 2351 1349 2406 tide
1365 2353 1458 2425 dispu-

288 2437 354 2491 tetio
366 2443 392 2490 et
403 2436 437 2490 ad
448 2443 546 2490 certem
558 2437 676 2506 regulem
687 2437 823 2507 perdocte,
836 2438 955 2492 Marcum
965 2437 1133 2492 Arediusium
1145 2439 1178 2492 eb
1189 2444 1299 2509 utraque
1310 2443 1385 2509 parte
1395 2455 1458 2493 esse

288 2523 430 2589 delectum,
442 2539 459 2576 e
470 2537 522 2592 quo
534 2521 684 2576 Sirmiensis
696 2522 742 2576 ille
752 2521 865 2578 termule
876 2523 984 2590 dictem,
995 2523 1038 2577 cni
1049 2541 1117 2578 coss.
1128 2523 1239 2595 praefixi
1249 2529 1320 2578 sunt
1343 2523 1385 2578 Ex
1396 2525 1459 2594 qui·

288 2609 338 2664 bus
356 2613 464 2680 epperet
476 2607 650 2672 Germinium,
668 2623 728 2662 eum
743 2606 869 2662 hermem
881 2609 1073 2664 Anemooorum
1090 2609 1214 2680 perfidiae
1230 2625 1291 2664 eum
1302 2609 1413 2662 Valente
1430 2616 1459 2662 et

188 2701 263 2755 sate
287 2695 395 2750 Uraecio
406 2694 510 2760 inisset,
526 2694 682 2765 quibuscum
699 2694 779 2748 etiam
795 2693 905 2748 Herium
917 2694 950 2747 sd
963 2691 1096 2765 ipoouolou
1108 2699 1135 2747 st
1146 2691 1287 2764 dpeeeoeiou
1298 2693 1457 2748 tollendaee

287 2780 374 2835 medlo
384 2796 463 2834 reees
479 2779 614 2850 adegerat,
632 2785 662 2832 ut
675 2779 721 2833 lib.
731 2797 766 2834 rr.
780 2793 836 2851 cep.
846 2797 883 2835 ns.
900 2780 992 2834 scribit
1006 2779 1180 2844 Soeomenns,
1197 2779 1232 2832 ab
1248 2779 1301 2832 idle
1316 2779 1458 2850 paululum

287 2865 444 2922 diesendm
458 2871 485 2920 et
500 2881 641 2936 suppresse
655 2866 698 2932 riis
715 2863 798 2927 odelei
814 2865 946 2920 mentione
961 2863 1009 2919 filii
1020 2881 1066 2936 per
1078 2865 1167 2920 omnia
1177 2881 1237 2920 eum
1247 2870 1323 2936 patre
1333 2865 1457 2920 similitu-

238 2949 246 2964 '
288 2951 375 3006 dinem
386 2953 533 3022 agnovisse.

356 3036 493 3107 I'sppeeo'u,
506 3035 673 3107 Ὕπατιονοῦ]
696 3037 748 3090 Alii
759 3035 900 3108 I'sppuvieu.
923 3035 977 3091 sei
988 3035 1113 3108 l'eppreiou
1124 3036 1176 3107 leg.
1215 3075 1217 3079 ,

355 3121 387 3176 N.
401 3139 476 3176 xxm.
500 3121 666 3192 Διηνέχθηοαν
683 3117 726 3176 ode
742 3121 765 3173 ol
780 3121 871 3190 ciret]
905 3122 1019 3176 Basilius
1036 3123 1189 3192 Ancyranus
1205 3127 1267 3193 poet
1281 3121 1456 3176 sirmiensem

287 3207 431 3278 synodum,
446 3209 474 3261 in
486 3223 538 3277 que
549 3213 682 3261 strennum
693 3207 817 3262 edreram
828 3207 967 3262 Plotinum
979 3223 1085 3278 operam
1095 3215 1249 3272 revererer,
1260 3207 1330 3278 epnd
1342 3208 1455 3280 impere-

287 3299 370 3346 torem
382 3293 468 3362 gretie
478 3293 619 3363 plurimum
631 3298 657 3346 et
667 3293 804 3347 autoritate
816 3293 906 3348 veluit.
938 3293 1006 3346 Nem
1018 3293 1052 3348 eb
1063 3293 1322 3362 Ancyranoeencilio
1333 3291 1454 3350 edilium

288 3379 417 3447 allegetur
428 3376 493 3431 nihil
504 3395 557 3432 nen
569 3378 689 3444 obtinuit,
701 3378 766 3432 adeo
777 3385 807 3434 ut
815 3378 963 3432 Eudoxlnm
972 3379 1080 3449 eiusque
1091 3377 1278 3449 suffragatores
1288 3378 1454 3449 impanteris

287 3461 372 3516 edicto
383 3463 541 3534 percelleret.
565 3465 629 3518 Mox
646 3464 674 3518 in
685 3463 842 3518 Ariminensi
858 3469 884 3518 et
894 3463 1054 3518 Seleueiensi
1065 3463 1165 3534 synodo
1176 3463 1369 3534 mugregamdis
1379 3479 1455 3538 prae-

287 3549 378 3619 cipuae
390 3555 476 3619 peries
488 3549 550 3618 egit.
572 3549 668 3602 Verum
680 3549 759 3621 paule
770 3555 830 3620 pest
840 3551 928 3603 Aeacii
939 3549 1051 3604 tectione
1063 3548 1177 3603 delmino
1188 3565 1242 3603 nun
1253 3549 1331 3604 modo
1342 3551 1454 3622 impara-

287 3634 351 3688 toris
369 3635 466 3704 gretie,
484 3633 530 3687 sed
546 3635 698 3705 episcopatu
715 3635 822 3706 insuper
838 3635 942 3689 excidit.
976 3633 1138 3704 Flagrebant
1151 3649 1198 3706 por
1212 3635 1258 3688 illa
1268 3640 1454 3706 temporaneo

287 3719 374 3774 solum
385 3719 452 3772 inter
461 3720 570 3774 Arianos
582 3726 609 3773 et
620 3719 776 3786 catholicoe,
788 3719 834 3774 sed
844 3721 912 3774 inter
922 3721 995 3790 ipsos
1003 3721 1113 3774 Amunos
1124 3719 1239 3775 dissidie
1257 3717 1376 3784 Quorum
1386 3719 1453 3774 duae

286 3807 451 3877 potissimum
463 3805 590 3860 rectiones
602 3811 683 3860 erant.
718 3805 828 3870 Quidem
840 3807 910 3860 enim
922 3823 956 3860 ex
968 3805 1019 3860 illis
1030 3806 1096 3858 meri
1107 3805 1239 3876 dogmatis
1250 3805 1368 3860 tautorea
1380 3804 1451 3869 aiiii,

288 3891 358 3962 quod
369 3890 402 3945 sd
411 3889 497 3943 eiciet
506 3896 532 3944 et
539 3892 714 3946 substantiam
724 3893 843 3962 pertinet,
855 3907 993 3946 wmmuno
1004 3907 1061 3944 esse
1071 3890 1127 3944 tilio
1139 3907 1200 3944 oum
1210 3897 1284 3962 patre
1295 3891 1451 3954 sentiebent,

286 3976 396 4048 ideoque
407 3982 461 4030 tem
474 3974 615 4048 ὁμοιούοιον
627 3993 707 4047 quam
718 3975 850 4047 dpeodeses
862 3977 1040 4048 repudiebent,
1051 3991 1100 4030 nee
1110 3976 1191 4030 ullam
1199 3975 1307 4030 omnine
1316 3979 1359 4042 τῆς
1368 3974 1450 4036 edsius

287 4062 447 4116 mentionem
464 4062 648 4125 admittebante
665 4079 712 4132 pro
730 4077 761 4116 eo
780 4077 810 4116 ec
827 4063 944 4133 pluribus
961 4063 989 4115 in
1005 4061 1110 4115 illerum
1125 4061 1305 4116 condiiebulis
1319 4061 1451 4115 deeretm

287 4147 372 4202 inerat
381 4149 498 4202 menime
509 4148 537 4200 in
548 4147 663 4201 secunda
671 4147 808 4201 Sirmiensi
817 4148 942 4213 termule,
955 4163 1032 4218 quem
1043 4145 1099 4200 Osii
1107 4151 1134 4201 et
1142 4147 1253 4202 Potemii
1261 4145 1450 4218 blasphemiam

286 4231 400 4286 Hilarius
412 4233 532 4304 appellet
556 4233 656 4285 Horum
667 4233 797 4304 principes
809 4239 883 4286 erunt
894 4233 1040 4296 Eudoxias,
1052 4233 1099 4303 qul
1106 4231 1295 4288 Andoehenam
1307 4232 1396 4286 sedem
1406 4245 1448 4284 oe·

287 4324 397 4387 cuperet
411 4318 479 4372 sitii
495 4323 633 4389 peneum,
652 4317 782 4388 Georgius
799 4319 1002 4384 alexandrino,
1017 4317 1143 4384 Emeius,
1160 4319 1206 4389 qui
1222 4315 1378 4372 indociles
1389 4321 1450 4388 poet

288 4408 469 4456 exeutormnm
480 4403 614 4456 llelctinm
625 4401 751 4457 suffectus
762 4409 811 4470 est,
821 4419 869 4457 nse
880 4421 934 4457 noo
946 4404 1056 4458 Aeacius
1068 4403 1256 4469 Omnemenais,
1267 4402 1380 4458 Uranius
1387 4400 1447 4471 ieri

288 4486 416 4557 episcopi,
438 4488 465 4541 in
483 4487 621 4542 Occidente
641 4505 702 4542 vero
720 4487 843 4542 Ursacius
859 4495 886 4542 et
897 4489 1004 4554 Valens,
1026 4489 1174 4544 Germinlne
1194 4489 1292 4559 eliique
1312 4485 1444 4544 mnumeri

288 4570 362 4636 Quod
375 4572 444 4625 enim
453 4573 589 4626 sidenem
597 4573 733 4644 perfidiam
744 4587 803 4629 eum
811 4573 931 4628 sotoris
941 4575 1050 4630 Aeadns
1060 4573 1210 4646 caeterique
1219 4573 1445 4646 propugnaretiat,
