3126 5046
289 302 470 362 maxum

288 459 447 525 sementim,
460 475 499 514 ex
509 475 540 514 ec
553 459 657 516 deludi
667 459 736 530 quod
747 459 845 530 praebe
855 459 982 530 pureum,
992 459 1083 516 leuno.
1094 475 1122 515 u.
1134 459 1230 516 ouem
1241 462 1406 518 maissiam
1415 461 1453 519 ab

288 545 510 614 nonexpresse
521 546 570 610 sit,
581 561 642 599 eum
653 545 755 600 mbbsti
763 545 939 616 deuteroproti
950 547 1110 600 mentionem
1122 545 1227 600 iaciunt.
1245 547 1302 600 Eoo
1313 547 1381 602 euim
1392 553 1455 616 pest

287 631 397 700 primaru
414 646 566 700 azymorum
584 630 682 684 incidit.
716 630 857 684 Historiam
875 631 1009 684 vulsarum
1026 631 1156 700 spicarum
1173 631 1207 684 ad
1223 632 1337 701 primum
1354 632 1454 702 pascha

287 716 380 770 meritc
396 715 476 770 reiert
490 714 664 786 Epiphanius,
681 731 716 770 ex
733 715 786 770 fine
802 733 874 770 num.
891 713 967 770 huius
985 716 1131 785 intelligere
1146 721 1233 786 potes,
1251 717 1321 785 quod
1339 724 1379 772 set
1393 715 1453 772 hur-

287 801 390 856 mculse
407 817 487 872 supra
501 815 518 854 a
532 801 609 858 nobis
625 801 773 872 propositae
790 805 1003 856 consentaneum.
1038 800 1094 854 Ism
1105 817 1166 856 rere
1182 817 1216 854 ex
1230 799 1280 854 heo
1291 809 1454 858 camerorum

287 886 474 956 suffragatione
486 887 641 956 Aiegornm,
658 887 900 942 Valentinianorum
917 901 949 940 ac
965 891 1126 942 caeterorum
1137 886 1304 942 menducium
1315 888 1453 952 convincit,

288 973 333 1042 qni
348 973 454 1028 unicum
468 971 596 1026 duntaxat
606 970 708 1027 Christe
725 971 823 1043 puecha
839 971 983 1026 tribuerint.
1018 970 1084 1026 Cum
1101 973 1172 1026 euim
1187 988 1248 1026 eum
1264 977 1325 1042 post
1340 973 1454 1042 primm

287 1055 385 1126 pasche
395 1058 493 1114 unisse
509 1062 536 1112 et
552 1073 598 1128 por
613 1063 672 1112 sats
689 1058 823 1112 semisse
835 1061 949 1123 constet,
963 1057 1061 1112 thum
1072 1062 1113 1114 est
1123 1074 1176 1114 une
1187 1057 1312 1127 paschate
1323 1073 1365 1110 rea
1377 1058 1409 1112 sb
1420 1074 1453 1111 ec

287 1149 375 1214 gestus
387 1143 562 1198 circumscribi
573 1143 674 1198 debere.

353 1225 410 1280 Ἵνα
421 1227 484 1298 δείξῃ
497 1225 619 1297 σάββατον
631 1228 749 1298 πρῶτον]
784 1229 823 1282 De
838 1229 948 1284 sabbato
966 1228 1146 1298 deuteroprcto
1169 1228 1227 1282 ride
1245 1244 1312 1298 quas
1328 1228 1364 1282 ed
1382 1229 1454 1282 haer.

287 1331 349 1368 ιιι.
361 1331 432 1370 uum.
442 1331 525 1368 nxxrr.
537 1314 735 1384 disputavimus.
758 1313 827 1368 Nasu
838 1313 882 1368 illo
895 1315 952 1368 loeo
964 1314 1078 1384 priorem
1090 1313 1411 1384 opulentissimum,
1426 1319 1455 1368 et

288 1399 391 1469 quidem
403 1399 617 1469 probabiliorem,
634 1399 812 1469 exposuimus.
848 1398 920 1462 Ques
936 1405 1025 1454 eutem
1041 1397 1091 1452 hoc
1107 1400 1135 1452 iu
1150 1415 1258 1454 numeru
1271 1399 1391 1463 traditm,
1407 1399 1453 1452 ob-

287 1484 385 1538 scurior
401 1489 443 1540 cet
458 1491 485 1537 et
499 1501 588 1540 arere
598 1485 718 1538 vocabuli
732 1484 802 1538 illius
821 1485 921 1554 origine
933 1501 964 1538 sc
976 1485 1083 1540 notione
1098 1484 1227 1540 remotior.
1262 1483 1368 1554 Duplex
1385 1483 1455 1553 spud

287 1568 397 1624 ludaeos
408 1569 513 1622 subbati
524 1585 609 1639 geues
620 1569 763 1630 constituit,
799 1568 885 1624 Unum
897 1569 1030 1638 antiquius
1041 1575 1069 1624 et
1078 1569 1210 1634 naturale,
1229 1568 1299 1638 quud
1315 1569 1349 1622 ab
1368 1583 1455 1625 rerum

287 1655 361 1708 initio
372 1653 505 1709 conditum
517 1664 570 1719 est,
586 1655 697 1708 alterurn
713 1653 857 1708 secundum
873 1661 900 1708 et
916 1655 1066 1724 posterioris
1082 1654 1193 1718 erdale,
1212 1654 1274 1722 quie
1284 1653 1376 1708 iudaei
1386 1653 1455 1706 iaetu

287 1739 376 1806 omnia
387 1741 498 1794 sabbate
509 1740 651 1804 rocabent3
663 1740 733 1810 quod
745 1757 760 1792 e
771 1737 905 1812 Scriptura
916 1739 1085 1795 demonstret.
1108 1739 1172 1794 Mox
1183 1755 1245 1792 sero
1255 1737 1372 1792 subiicit:
1383 1735 1415 1797 εἰς
1427 1736 1454 1790 δὲ

287 1822 348 1878 ἑπτὰ
359 1823 450 1896 ἡμέρας
462 1823 535 1878 πάλιν
548 1822 758 1895 ἀνοννκλούμενον
771 1825 882 1894 δεύτερον
894 1823 1005 1878 καλεῖται
1016 1827 1123 1894 πρῶτον.
1159 1824 1199 1878 Ex
1214 1824 1321 1892 quibua,
1338 1829 1368 1876 ut
1383 1831 1408 1875 et
1420 1839 1454 1876 cx

287 1911 455 1982 sequentibus
472 1911 518 1964 illa
533 1909 671 1980 Epiphanii
686 1911 817 1964 emenus
832 1911 959 1980 posterior
976 1910 1085 1974 elicitur,
1101 1910 1241 1964 sabbatum
1252 1908 1454 1978 deuteroproton

287 2013 346 2050 ease
357 2001 540 2066 pentecosten,
551 1996 579 2050 in
590 2013 644 2066 qus
656 1996 766 2066 δεύτερον
778 1995 843 2050 iilud
854 1996 993 2050 ssbbsturn
1005 1998 1104 2066 πρῶτον
1115 1995 1266 2064 appelletur.
1302 1993 1354 2046 Gur
1366 2001 1455 2048 autem

288 2082 484 2150 δεντιρόαρωιον
503 2081 603 2145 dicitur,
621 2081 685 2136 nihil
702 2087 821 2152 spartum
838 2097 869 2136 ac
883 2080 1013 2150 liquidum
1029 2096 1063 2134 ex
1078 2079 1217 2150 Epiphanii
1227 2079 1314 2134 rerbis
1327 2079 1455 2132 exemere

287 2183 409 2237 possum,
421 2166 466 2220 sed
477 2167 523 2220 ills
531 2167 674 2222 Meldonsti
684 2167 799 2236 opinioni
807 2167 867 2222 huic
876 2165 1014 2236 aptissime
1022 2165 1131 2230 ridetur,
1143 2165 1267 2235 quonium
1279 2181 1313 2217 ex
1324 2164 1454 2236 primariis

287 2251 371 2306 tribua
382 2251 469 2316 iaetu,
481 2252 536 2306 sire
547 2253 676 2317 sabbatis,
689 2268 853 2321 sayrncrurn,
865 2252 1056 2322 primitivorum
1068 2259 1096 2304 at
1106 2250 1291 2320 scenopegiae,
1303 2250 1454 2319 proximum

288 2337 400 2408 apriore
412 2343 439 2390 et
450 2337 561 2407 δεύτερον
574 2338 609 2390 sit
618 2343 780 2408 pentecostes
792 2339 911 2402 solenne,
929 2336 987 2390 ideo
1002 2336 1199 2406 διντερόαρωιον
1215 2335 1350 2405 appelluri.
1386 2335 1455 2388 limo

288 2422 368 2491 igitur
376 2422 457 2475 altera
465 2428 505 2474 est
513 2421 651 2492 Epiphsuii
659 2424 790 2476 sententia
800 2439 831 2478 ac
839 2423 912 2478 rucis
923 2422 996 2476 illius
1005 2421 1196 2492 interpretatio,
1208 2420 1368 2490 asupericre
1375 2419 1454 2490 longe

289 2507 387 2562 diuersa
397 2512 435 2570 et,
448 2507 471 2562 si
482 2523 573 2562 rarum
584 2508 660 2562 icteri
671 2509 805 2574 uolumus,
816 2509 904 2564 miuus
916 2523 996 2577 quam
1007 2507 1053 2578 illa
1063 2506 1214 2576 probabilis.

356 2593 462 2659 Turis-u
472 2591 531 2662 ἁγία
540 2599 583 2645 τοῦ
593 2592 787 2662 spurcitiem]
804 2594 994 2648 Prosabbstum
1006 2591 1071 2646 nihil
1082 2590 1151 2646 uliud
1164 2597 1204 2646 est
1212 2605 1292 2659 quam
1301 2606 1454 2661 purascere3

289 2678 358 2749 qued
369 2678 402 2732 ad
413 2678 481 2734 hunc
492 2680 579 2734 locum
590 2680 702 2750 pertinet
712 2679 785 2734 nihil.
816 2679 875 2734 Non
891 2679 962 2732 enim
979 2693 1130 2746 azymorum
1142 2694 1187 2730 ιιι.
1199 2676 1227 2728 in
1238 2691 1399 2746 parasceven
1411 2693 1455 2730 ne·

288 2766 400 2822 cessario
418 2766 551 2830 convenit,
568 2783 649 2835 quem
665 2765 776 2818 subinde
792 2765 819 2820 iu
831 2784 858 2829 r..
874 2769 921 2818 aut
931 2783 971 2828 ιι,
987 2769 1033 2816 sut
1049 2781 1089 2818 ιιι.
1100 2761 1192 2816 ieriern
1209 2760 1299 2814 cadere
1315 2777 1395 2832 posse
1412 2761 1454 2814 de-

288 2851 377 2904 clarat
403 2853 455 2904 Aut
465 2852 546 2920 igitur
557 2851 733 2922 expungenda
743 2851 795 2902 iata
805 2867 858 2903 uox
870 2855 924 2914 est,
936 2855 983 2902 unt
994 2845 1166 2918 προσάββατον
1178 2863 1224 2916 pro
1237 2865 1264 2899 vr
1276 2844 1454 2909 hebdomadae

289 2936 380 2990 diebus
404 2937 550 3006 usurparit,
573 2953 638 3006 quas
661 2939 738 3008 >tim
755 2935 804 2990 hoc
819 2939 860 2990 est
871 2935 1007 3006 prcfsnes,
1024 2933 1172 2996 nominent,
1184 2947 1303 3002 quaeque
1314 2932 1455 2986 sabbatum

289 3021 452 3076 eutecedunt

357 3105 403 3158 dub
414 3105 442 3158 rb
454 3106 488 3176 μὴ
500 3104 532 3168 cir
544 3105 658 3175 altres]
689 3106 779 3160 Scribe
792 3105 831 3158 διὰ
843 3103 871 3158 sl
881 3104 910 3158 rb
923 3103 1001 3175 phale
1014 3101 1106 3166 πλάτος
1119 3103 1195 3175 φέρειν
1208 3101 1249 3156 τοι
1262 3100 1349 3174 λόγον,
1362 3101 1400 3154 iul
1411 3101 1454 3168 τὴν

290 3189 442 3246 ἀκολουθίαν.

356 3277 387 3332 N.
398 3296 491 3334 ιιιιιι.
510 3272 570 3330 Eirc'r
581 3295 641 3340 τινες
653 3275 677 3340 ἐξ
689 3277 771 3330 αὐτῶν
783 3275 876 3344 πάλιν]
901 3276 1066 3330 Obiiciobaut
1077 3274 1199 3331 melici
1209 3274 1363 3330 mendacem
1373 3274 1454 3328 inisse

290 3363 426 3428 Ioannem,
443 3365 488 3433 qui
506 3365 538 3418 sd
555 3381 614 3418 eam
631 3363 769 3418 ecclesium
786 3363 857 3416 odits
872 3363 923 3416 sibi
940 3377 957 3416 a
973 3360 1078 3414 domino
1096 3359 1219 3416 mundata
1234 3361 1372 3426 scriberet,
1388 3375 1453 3430 quse

290 3449 363 3504 nulls
373 3455 429 3504 tum
441 3457 518 3504 esset.
534 3450 684 3520 Respondet
692 3447 852 3520 Epiphanius
864 3446 913 3501 hoo
924 3448 982 3516 ipso
994 3453 1114 3500 constare
1126 3445 1305 3516 propheticum
1316 3444 1386 3498 hunc
1397 3461 1454 3498 esse

290 3535 396 3600 librum,
413 3552 473 3588 cunr
490 3535 523 3588 ud
541 3536 676 3590 ecclesiam
692 3535 837 3605 scripserit,
853 3549 932 3602 quam
950 3533 1012 3586 olim
1024 3532 1138 3584 futuram
1151 3537 1335 3600 cognosceret,
1351 3531 1453 3584 tametsi

291 3621 385 3690 quibus
396 3621 526 3674 scribebat
536 3622 695 3691 temporibus
707 3619 824 3674 nundum
835 3624 938 3672 exteret
948 3618 1010 3672 ullu.
1032 3617 1084 3670 Sed
1095 3615 1158 3670 haec
1170 3614 1307 3688 Epiphauii
1319 3617 1452 3686 responsio

291 3707 342 3762 uisi
358 3704 526 3768 ἁνιιλεκτνκῶς
548 3711 575 3758 et
595 3706 629 3760 ad
645 3705 791 3769 hommem,
814 3709 842 3758 et
854 3704 933 3773 vulgo
949 3703 1099 3773 loquuntur,
1115 3701 1287 3772 accipiamus,
1303 3699 1375 3756 haud
1392 3702 1452 3756 salis

290 3792 431 3864 probabilis
442 3791 550 3846 ridetur.
568 3791 695 3860 telunga
707 3791 801 3844 melius
813 3794 854 3842 eat
864 3804 961 3858 negare
972 3788 1078 3842 loannis
1090 3793 1206 3858 tempore
1218 3785 1316 3840 nullam
1325 3785 1451 3857 Thyatiris

291 3879 427 3932 ecclesiam
439 3877 572 3941 extitisse;
584 3876 653 3947 quod
665 3876 827 3946 impudenter
837 3873 963 3928 haereuci
973 3874 1076 3926 mentiti
1087 3881 1155 3928 aunt.

358 3965 407 4018 llus
420 3961 448 4016 sl
459 3959 499 4016 διὰ
509 3962 552 4014 τὀν
565 3963 646 4031 αὔριον
658 3959 682 4012 ἐν
700 3965 737 4030 τῷ
753 3961 839 4032 χρόνῳ
850 3958 954 4028 τούτῳ]
988 3959 1061 4012 Duae
1076 3958 1136 4010 illae
1154 3971 1220 4027 quae
1236 3962 1364 4026 sequntur
1378 3963 1451 4010 nume

292 4055 438 4121 temporum
454 4049 496 4102 rel
512 4048 676 4102 librariorum
693 4046 772 4110 vitio,
791 4045 833 4098 rel
850 4045 948 4098 autoris
964 4044 1047 4112 ipsius
1065 4041 1277 4106 hallucinatione,
1299 4042 1451 4114 depravatae

293 4141 360 4190 sunt.
395 4135 501 4190 ffieren.
520 4134 548 4186 in
564 4132 658 4202 Script
669 4131 767 4184 Eccles.
779 4129 902 4184 loannem
918 4129 1011 4182 usserit
1026 4127 1202 4200 Apocalypsin
1216 4127 1351 4198 scripsisse
1367 4129 1450 4182 Demi·

292 4220 357 4274 deni
367 4238 428 4285 aru,
446 4221 491 4290 qui
508 4219 567 4272 iniit
583 4217 684 4270 iuliano
696 4231 813 4279 curru,
830 4214 927 4270 Christi
937 4229 1017 4279 xcxv,
1034 4213 1118 4268 Nonio
1135 4214 1279 4284 Asprenate
1295 4218 1322 4266 et
1337 4215 1449 4268 Arrium

293 4321 361 4357 coss.
384 4303 469 4368 Quare
479 4305 521 4356 rel
534 4302 582 4356 hoc
593 4303 650 4371 ipse
667 4315 748 4365 anuo,
764 4302 804 4353 rel
822 4301 941 4371 sequenti
956 4301 1061 4366 sulen,
1076 4300 1188 4354 loannes
1200 4298 1376 4370 Apocalypsin
1391 4299 1449 4352 scri·

293 4391 354 4460 pais
379 4391 463 4458 Aque
475 4396 592 4458 tempure
604 4387 636 4440 ad
648 4403 746 4440 anunm
758 4384 852 4440 Christi
864 4401 1003 4450 occursu,
1021 4401 1072 4454 quo
1084 4382 1244 4456 Epiphanius
1255 4379 1305 4436 hoc
1321 4400 1386 4454 opus
1401 4384 1448 4436 ela-

295 4473 414 4536 borabat,
426 4474 488 4525 anni
499 4480 560 4525 sunt
571 4487 706 4534 cccxxxi,
723 4489 775 4524 non
788 4486 861 4536 curu,
879 4478 909 4524 ut
920 4469 1016 4524 habeut
1026 4468 1164 4540 Epiphanii
1175 4469 1262 4522 rerba.
1296 4467 1393 4524 Deinde
1404 4468 1447 4522 ial-

293 4575 354 4618 eoru
366 4563 419 4621 est,
436 4571 487 4625 quo
499 4562 613 4625 tempore
625 4557 720 4626 scripta
731 4561 771 4610 est
781 4556 964 4628 Apecslypsie‚
979 4554 1109 4626 thyatiris
1121 4551 1298 4625 cauplrygas
1310 4551 1446 4608 haereticos
