3104 5038
1098 314 1234 372 ccxcvn
1306 381 1311 388 ,

75 471 228 542 appelletur,
245 471 300 524 sire
317 472 404 542 ampla
420 477 447 524 st
462 473 557 542 ingens
572 487 635 526 area
650 469 790 524 subdivalis
809 475 835 524 st
851 470 976 540 ὕπαιθρος.
1000 467 1152 524 Cuiusmodi
1162 487 1235 540 pros·

75 555 167 610 socna
186 557 269 610 fuisse
284 556 359 610 docet
372 556 539 626 Epiphanius.
573 557 654 610 Erant
670 556 728 608 loca
745 555 872 625 quaedam
889 560 979 626 aperta
990 571 1021 608 ac
1037 555 1093 608 sine
1108 561 1189 621 tecto,
1206 557 1235 610 iu

75 659 137 713 qnae
149 643 245 695 orandi
257 657 348 696 mussa
359 643 556 696 conveniebant.
580 642 666 694 Tritus
679 647 719 693 est
731 641 858 695 luvenalis
870 641 913 694 ille
925 655 1014 694 versus
1026 657 1040 692 e
1052 639 1107 694 Sat.
1117 659 1155 696 sn.

277 727 335 780 Ede
346 729 389 780 ubi
401 731 536 790 consistas,
548 732 576 778 s'u
587 746 636 795 qua
649 737 672 780 te
683 746 778 796 quaero
786 727 938 796 proseucha.

74 813 109 865 hd
120 829 206 883 quem
217 817 291 866 setus
303 811 454 866 scholiastes
466 813 553 866 locum
564 829 621 866 esse
632 817 761 866 memorat
772 812 893 881 adquam
906 817 1038 864 cormerire
1049 813 1162 866 solebant
1169 830 1235 864 men·

75 899 125 950 dici
135 902 177 951 ad
187 903 279 968 supera
287 901 434 967 petendum:
452 899 500 950 olii
516 899 661 961 tabernam,
676 902 703 949 a'n
715 917 765 967 qna
775 915 902 966 pauperes
914 901 1009 949 cicant.
1031 897 1120 950 Addit:
1139 908 1163 950 et
1173 917 1235 967 pro·

74 984 167 1035 renoba
180 985 252 1034 locus
264 983 416 1036 Iudaeorum
428 985 471 1034 ubi
482 991 562 1036 mont.
586 983 665 1036 Exmt
682 999 714 1036 ea
725 999 777 1036 vox
788 983 877 1036 multis
895 982 921 1035 in
939 983 1003 1036 locis
1021 982 1090 1052 apud
1100 981 1235 1036 Philonem

73 1069 99 1120 in
109 1069 238 1122 Flaccum
250 1073 275 1121 et
285 1067 389 1134 Caium,
401 1068 539 1138 losephum
551 1069 594 1121 lib.
607 1069 638 1122 de
647 1069 707 1122 vita
718 1085 772 1122 sua
793 1068 891 1122 Minae
903 1067 1020 1136 quidem,
1031 1068 1078 1120 ubi
1087 1067 1235 1137 frequentes

74 1159 146 1206 erant
156 1153 250 1206 ludaei
261 1159 287 1205 st
297 1169 358 1206 vero
370 1153 559 1218 mendicantes,
571 1154 728 1224 presenciae
740 1154 885 1222 complures
897 1153 1008 1206 luerunt.
1029 1152 1095 1206 Nam
1107 1161 1134 1204 et
1145 1153 1235 1206 eadem
1289 1189 1290 1195 ,

74 1239 98 1290 in
114 1239 216 1307 Satyra
231 1239 358 1292 luvenalis
374 1244 499 1308 occupata
516 1239 618 1292 illorum
631 1238 846 1303 habitationibus,
865 1245 902 1302 et,
919 1243 949 1290 nt
960 1237 1081 1292 credibile
1092 1243 1145 1302 est,
1163 1255 1236 1307 pros-

73 1323 162 1377 euchis
175 1340 252 1376 sacra
263 1325 393 1394 quondum
404 1324 485 1377 luisse
496 1325 554 1377 loca
566 1323 738 1394 conqueritur.

280 1409 355 1462 Nunc
367 1413 527 1477 sacrisoatie
539 1428 622 1461 oeneus
633 1419 657 1461 et
669 1410 773 1460 delabro
786 1410 902 1460 locontur
1263 1426 1284 1465 p.
1293 1414 1338 1454 8³⁶·

280 1495 396 1557 Indaeis,
409 1513 511 1564 qnorum
524 1494 645 1563 cophinus
649 1498 799 1562 foenumque
810 1496 946 1562 suppellex.

282 1580 366 1631 Omnia
378 1584 442 1631 enim
453 1582 545 1648 populo
557 1581 693 1632 mercedem
702 1581 814 1647 pendere
827 1582 896 1630 iussu
909 1589 946 1630 est

280 1667 375 1728 Arbor,
388 1676 411 1717 et
423 1669 509 1718 eiectis
520 1667 648 1716 mendicat
659 1665 725 1715 silvo
739 1664 876 1716 Comoem's.

74 1751 270 1804 llendicitatem
279 1765 342 1819 ergo
351 1750 504 1804 ludaeorum
514 1750 642 1818 exagitem
654 1750 745 1818 utique
754 1765 880 1802 verorum.
900 1747 1014 1812 Quodne
1025 1748 1131 1802 dubium
1141 1749 1184 1814 sit,
1196 1749 1236 1801 rel

76 1835 115 1888 hic
127 1836 258 1888 Martialis
269 1852 358 1888 uersus
370 1840 524 1906 argumento
536 1851 593 1888 esse
605 1839 697 1904 potest.

280 1922 302 1970 A
319 1931 399 1972 matre
411 1925 499 1973 doc-tna
511 1939 555 1972 nec
568 1938 661 1988 repere
674 1921 793 1971 Iudaeus.

74 2007 144 2060 Adeo
156 2007 254 2060 falsum
268 2011 369 2058 estnon
381 2007 542 2059 mendicasse
553 2006 667 2058 ludaeos.
692 2005 762 2057 ldem
774 2004 902 2058 luvenalis
914 2004 968 2058 Sat.
979 2022 1013 2057 νι.

280 2091 340 2142 Cum
353 2095 422 2143 dedit
434 2095 479 2144 ι’ίίιι
492 2094 571 2144 locam
578 2131 585 2154 ,
598 2091 704 2160 cophino
709 2095 834 2159 strenaque
846 2092 943 2142 relictis

281 2160 413 2228 Arcanum
426 2177 526 2228 Ιιιιίαεο
540 2187 644 2228 irenaeus
655 2181 828 2227 imperitantem
843 2195 929 2226 aurem

281 2261 410 2331 interpres
421 2264 503 2330 leyen
512 2261 669 2329 Solprnrsrnm
681 2271 705 2314 et
716 2281 809 2330 ancyra
822 2264 942 2314 sacerdos

281 2347 397 2400 Arboris.

76 2430 158 2495 Quem
170 2433 256 2484 locum
269 2448 391 2486 enarrans
403 2439 476 2486 vetus
492 2433 534 2486 ille
550 2433 701 2486 scholiastes
722 2434 804 2486 niulta
821 2449 869 2485 suo
888 2449 958 2486 more
977 2439 1089 2502 nugatur
1107 2439 1132 2484 et
1149 2433 1236 2486 nescio

76 2517 181 2586 quidde
194 2517 276 2570 hortis
288 2519 376 2586 garrit,
388 2519 458 2588 quod
470 2535 486 2570 a
497 2519 607 2588 cophino
619 2519 747 2588 loenoquc
760 2519 836 2570 inlinis
849 2519 961 2570 alienum
974 2524 1020 2571 est.
1057 2518 1108 2570 Nec
1124 2519 1237 2570 melioris

76 2609 152 2654 nolae
165 2603 285 2672 estquod
297 2603 396 2668 adiicit,
414 2605 600 2673 supellectilem
618 2603 684 2656 hanc
700 2621 770 2666 esso,
788 2604 833 2656 uhi
851 2604 1023 2672 pulmentaria
1038 2620 1086 2654 sua
1102 2609 1128 2654 ct
1140 2619 1236 2671 aquam

76 2689 187 2740 calidam
200 2688 241 2740 die
253 2689 354 2742 sabbati
366 2705 468 2742 servare
480 2697 674 2742 consueuerant.
693 2687 739 2740 Est
751 2687 814 2739 illud
826 2687 928 2755 quidem
943 2704 1044 2750 uerum,
1056 2687 1164 2739 ludaeos
1177 2689 1236 2740 sab·

76 2774 131 2826 bati
143 2774 268 2840 relicuom
281 2773 424 2842 prohibitos
436 2790 468 2826 ne
478 2773 575 2826 cibaria
584 2780 723 2842 coquerent
731 2788 762 2824 oa
770 2773 851 2841 pridie
860 2773 909 2824 sub
918 2787 1051 2840 vesperam
1061 2787 1236 2841 praeparasse,

76 2859 144 2911 nudo
157 2876 293 2928 parasceue
306 2859 381 2911 dicta.
401 2859 496 2911 Verum
508 2875 601 2928 aquam
615 2859 710 2912 abillis
723 2857 832 2910 calidam
844 2857 869 2908 in
882 2863 1033 2925 sequentem
1043 2857 1111 2908 diem
1122 2858 1148 2910 in
1158 2858 1235 2910 foeno

76 2946 194 3014 potuisse
206 2944 314 3008 servari,
326 2945 352 2996 id
362 2960 421 2997 νετο
432 2945 568 2996 ridiculum
582 2950 628 2996 cst.
646 2943 713 3006 Quin
726 2950 751 2995 et
762 2942 825 2994 illud
837 2942 1044 3006 observavimus,
1056 2941 1165 2995 ludaeos
1177 2944 1235 2995 sab·

77 3031 145 3083 batis
159 3029 248 3082 calidis
260 3029 408 3099 potionibus
421 3030 586 3082 abstinuisse.
617 3029 716 3082 indicat
727 3029 774 3080 hoc
787 3028 900 3080 lustinus
913 3027 1015 3096 dialogo
1028 3044 1086 3080 cum
1099 3027 1236 3098 Tryphone

77 3132 155 3184 quern
168 3115 205 3167 iia
216 3115 363 3184 compellat:
383 3113 440 3184 μηδ’
453 3112 490 3165 ὅτι
502 3115 590 3183 ίίεμμὴν
603 3114 701 3183 πίνομεν
714 3111 737 3164 ἐν
750 3116 800 3174 τοῖς
814 3111 922 3182 αίιββαοι
934 3113 1010 3164 δεινὸν
1022 3112 1131 3183 ἡγείσθω
1149 3115 1236 3183 Neque

77 3203 142 3268 quod
150 3219 242 3268 uquam
252 3201 365 3252 celicium
375 3201 489 3252 sabbatis
498 3201 611 3252 bibamus
619 3209 767 3251 mcccensclc.
788 3199 868 3251 irasci
880 3203 951 3250 vetat
962 3198 1097 3262 iudaeum,
1110 3200 1177 3268 quod
1191 3217 1236 3268 per

78 3286 188 3338 sabbata
200 3284 310 3336 calidam
322 3287 454 3354 potionem
469 3284 626 3337 adhiberent
661 3283 730 3353 Ilugo
748 3284 835 3336 ludaei
852 3284 932 3344 ahter,
943 3284 1116 3338 instituerant.
1142 3285 1235 3336 Verum

79 3371 203 3422 reclamat
219 3369 350 3439 ignatius,
368 3371 412 3439 qni
430 3369 510 3440 hlpist.
524 3388 563 3424 ιιι.
581 3370 613 3421 ad
631 3369 719 3439 Magn.
738 3369 893 3422 cointrarium
911 3368 1019 3422 indicat:
1052 3367 1122 3420 ’llll’
1136 3369 1236 3430 ἕκαστος

78 3454 147 3524 ἡμῶν
160 3454 327 3523 οαββατιζὲτοι
339 3457 518 3523 πνευματικῶς,
535 3454 623 3523 μελέτη
635 3457 712 3524 νόμον
723 3454 826 3524 χαίρων,
845 3451 873 3504 οὐ
887 3453 1001 3522 σώματος
1013 3451 1102 3522 ἀνέσει,
1121 3455 1236 3524 δημιουρ-

80 3541 131 3608 γίαν
144 3539 201 3591 θεοῦ
214 3538 351 3608 θαυμάζων,
368 3539 416 3609 οὐχ
434 3539 500 3590 ἕωλα
516 3537 610 3607 ἐσθίων,
629 3540 668 3591 aul
685 3539 776 3610 χλιαρὰ
788 3539 871 3606 πίνων,
890 3537 930 3588 καί
942 3539 1108 3607 μεμετρημένα
1121 3539 1235 3608 βαδίζων,

80 3627 116 3676 eal
129 3621 232 3694 ὀρχήσει
244 3625 283 3675 καί
296 3626 389 3694 κρότοις
402 3630 457 3676 νοῦν
471 3624 515 3676 οὐκ
528 3622 611 3694 ἔχουσι
624 3626 725 3696 χαίρων.
744 3625 814 3694 llrgo
825 3623 977 3676 ludaeorum
989 3624 1235 3678 etSabbalariorum

79 3717 131 3763 erat
142 3710 236 3780 χλιαρὰ
253 3709 334 3778 πίνειν,
352 3727 411 3762 cum
428 3715 516 3764 tamen
534 3711 621 3780 ignem
640 3712 691 3764 nisi
708 3725 845 3780 aegrorum
863 3725 957 3761 caussa
973 3727 1024 3762 non
1042 3709 1130 3762 liceret
1146 3726 1235 3761 accen-

79 3796 148 3860 dere;
159 3801 191 3848 ut
201 3796 228 3848 in
240 3795 323 3850 Tract.
337 3795 369 3848 de
380 3795 496 3848 Sabbata
508 3795 703 3848 Thalmudistue
715 3795 819 3860 docent,
831 3799 857 3848 et
869 3793 899 3846 lt.
908 3795 1024 3848 Maimon
1036 3811 1053 3848 1.
1063 3801 1136 3864 parte
1148 3795 1192 3847 lad
1204 3795 1235 3846 de

79 3881 202 3934 Sabbata.

143 3962 217 4034 Ὅτι,
235 3965 315 4035 φησίν,
332 3963 409 4017 ἐδόκει
425 3967 500 4026 τόπος
513 3969 646 4036 προςενχῆς
659 3962 735 4032 είναι.]
771 3965 844 4034 Apud
864 3965 893 4018 [t.
906 3964 1014 4028 Lucam,
1033 3963 1095 4016 breue
1113 3962 1235 4034 ἐνομίζετο

79 4051 200 4120 apograph
212 4044 278 4103 sirau.
302 4049 352 4103 Ubi
364 4050 497 4120 προςεοχὴν
509 4067 556 4121 pro
568 4052 625 4104 loco
636 4051 692 4120 ipso
705 4051 820 4120 plerique
832 4050 970 4120 accipiunt.

144 4135 176 4188 N.
188 4153 218 4189 τι.
239 4133 365 4206 Τροπάριὰ
377 4153 429 4187 τινα
441 4134 683 4202 κατασκευάσαντες]
717 4135 775 4188 Νοιι
793 4137 870 4188 aliam
886 4135 1010 4188 vocabulo
1028 4134 1088 4188 huic
1105 4136 1235 4190 notionem

78 4223 220 4274 attribuere
230 4221 362 4290 potuimus
375 4237 453 4290 quam
464 4219 730 4290 acernaacerna,
749 4235 815 4290 qnae
832 4222 947 4274 carinam
963 4238 1014 4273 vox
1032 4220 1175 4290 significat,
1193 4221 1235 4274 de·

77 4308 212 4361 nuscetur.
235 4307 292 4359 Nisi
303 4305 369 4359 forte
381 4305 485 4375 rondpm
496 4323 542 4377 pro
555 4307 674 4376 angustis
686 4307 823 4376 parvisque
834 4307 899 4360 locis
910 4305 1048 4375 legendum
1060 4293 1149 4359 luerit]

144 4389 334 4462 Καταλεγμίιτιιί
351 4395 423 4459 τινα]
458 4392 564 4445 Cannar.
580 4389 776 4460 νιαταληγμίιτια.
811 4391 855 4444 Est
873 4393 942 4444 enhn
961 4389 1108 4460 αατᾶληγμα
1125 4408 1235 4456 εειτιιεο,

78 4479 131 4529 siue
150 4478 281 4530 canticum
298 4483 344 4530 aut
361 4479 484 4530 celeuma.
507 4477 611 4532 llieron.
630 4478 656 4529 in
674 4493 730 4546 cap.
742 4495 801 4530 axv.
813 4477 969 4540 Hieremiae,
986 4493 1052 4529 com.
1066 4477 1108 4530 30.
1127 4479 1235 4530 celeuma

78 4563 169 4616 scribit
180 4579 197 4613 a
209 4561 365 4631 Symmacho
376 4562 441 4616 uerti
457 4559 618 4632 ιατίιληγμα,
636 4563 670 4616 ab
681 4563 776 4632 Aquila
793 4560 894 4631 ίαομόν,
912 4578 1005 4632 nempe
1023 4579 1038 4615 a
1055 4577 1151 4631 pausa,
1169 4562 1236 4616 uude
