<?xml version="1.0" encoding="UTF-8"?>
<!DOCTYPE html PUBLIC "-//W3C//DTD XHTML 1.0 Transitional//EN"
    "http://www.w3.org/TR/xhtml1/DTD/xhtml1-transitional.dtd">
<html xmlns="http://www.w3.org/1999/xhtml" xml:lang="en" lang="en">
 <head>
  <title>
</title>
<meta http-equiv="Content-Type" content="text/html;charset=utf-8" />
  <meta name='ocr-system' content='tesseract 3.04.00' />
  <meta name='ocr-capabilities' content='ocr_page ocr_carea ocr_par ocr_line ocrx_word'/>
</head>
<body>
  <div class='ocr_page' id='page_1' title='image "./corporishaerese05oehlgoog_0313.png"; bbox 0 0 3104 5038; ppageno 0'>
   <div class='ocr_carea' id='block_1_1' title="bbox 271 293 332 350">
    <p class='ocr_par' dir='ltr' id='par_1_1' title="bbox 271 293 332 350">
     <span class='ocr_line' id='line_1_1' title="bbox 271 293 332 350; baseline -0.033 0"><span class='ocrx_word' id='word_1_1' title='bbox 271 293 332 350; x_wconf 80' lang='lat' dir='ltr'>0th</span> 
     </span>
    </p>
   </div>
   <div class='ocr_carea' id='block_1_2' title="bbox 269 449 1426 944">
    <p class='ocr_par' dir='ltr' id='par_1_2' title="bbox 269 449 1424 588">
     <span class='ocr_line' id='line_1_2' title="bbox 270 449 1424 520; baseline 0 -18"><span class='ocrx_word' id='word_1_2' title='bbox 270 450 399 502; x_wconf 77' lang='lat' dir='ltr'><strong>minantes</strong></span> <span class='ocrx_word' id='word_1_3' title='bbox 420 449 574 519; x_wconf 78' lang='lat' dir='ltr'>ineptissimi</span> <span class='ocrx_word' id='word_1_4' title='bbox 596 455 669 513; x_wconf 87' lang='lat' dir='ltr'>sont,</span> <span class='ocrx_word' id='word_1_5' title='bbox 691 464 776 518; x_wconf 84' lang='lat' dir='ltr'>neque</span> <span class='ocrx_word' id='word_1_6' title='bbox 797 449 936 518; x_wconf 82' lang='lat' dir='ltr'>quiequam</span> <span class='ocrx_word' id='word_1_7' title='bbox 952 455 1025 502; x_wconf 83' lang='lat' dir='ltr'>tanto</span> <span class='ocrx_word' id='word_1_8' title='bbox 1042 449 1151 519; x_wconf 83' lang='lat' dir='ltr'>dignum</span> <span class='ocrx_word' id='word_1_9' title='bbox 1168 449 1239 503; x_wconf 80' lang='lat' dir='ltr'>hiatu</span> <span class='ocrx_word' id='word_1_10' title='bbox 1257 451 1424 520; x_wconf 69' lang='lat' dir='ltr'>promissores</span> 
     </span>
     <span class='ocr_line' id='line_1_3' title="bbox 269 534 419 588; baseline -0.013 -1"><span class='ocrx_word' id='word_1_11' title='bbox 269 535 313 587; x_wconf 90' lang='lat' dir='ltr'>isti</span> <span class='ocrx_word' id='word_1_12' title='bbox 325 534 419 588; x_wconf 86' lang='lat' dir='ltr'>ierunt</span> 
     </span>
    </p>

    <p class='ocr_par' dir='ltr' id='par_1_3' title="bbox 270 619 1425 860">
     <span class='ocr_line' id='line_1_4' title="bbox 337 619 1425 690; baseline 0.002 -20"><span class='ocrx_word' id='word_1_13' title='bbox 337 619 382 670; x_wconf 76' lang='lat' dir='ltr'>liei</span> <span class='ocrx_word' id='word_1_14' title='bbox 394 620 436 685; x_wconf 77' lang='grc' dir='ltr'>τὴν</span> <span class='ocrx_word' id='word_1_15' title='bbox 449 621 598 690; x_wconf 79' lang='grc' dir='ltr'>κρεωνομὶαν</span> <span class='ocrx_word' id='word_1_16' title='bbox 611 621 745 690; x_wconf 61' lang='lat' dir='ltr'>podiatae]</span> <span class='ocrx_word' id='word_1_17' title='bbox 779 621 807 673; x_wconf 90' lang='lat' dir='ltr'>ln</span> <span class='ocrx_word' id='word_1_18' title='bbox 820 621 900 672; x_wconf 83' lang='lat' dir='ltr'>saeris</span> <span class='ocrx_word' id='word_1_19' title='bbox 912 625 938 674; x_wconf 84' lang='lat' dir='ltr'>et</span> <span class='ocrx_word' id='word_1_20' title='bbox 949 622 1031 674; x_wconf 84' lang='lat' dir='ltr'>initiis</span> <span class='ocrx_word' id='word_1_21' title='bbox 1043 620 1142 674; x_wconf 80' lang='lat' dir='ltr'>Cereris</span> <span class='ocrx_word' id='word_1_22' title='bbox 1153 621 1236 674; x_wconf 82' lang='lat' dir='ltr'>mulia</span> <span class='ocrx_word' id='word_1_23' title='bbox 1247 622 1324 673; x_wconf 86' lang='lat' dir='ltr'>certis</span> <span class='ocrx_word' id='word_1_24' title='bbox 1336 621 1425 674; x_wconf 86' lang='lat' dir='ltr'>ritibus</span> 
     </span>
     <span class='ocr_line' id='line_1_5' title="bbox 270 705 1425 776; baseline 0.001 -20"><span class='ocrx_word' id='word_1_25' title='bbox 270 706 417 758; x_wconf 84' lang='lat' dir='ltr'>adumbrari</span> <span class='ocrx_word' id='word_1_26' title='bbox 426 705 552 767; x_wconf 86' lang='lat' dir='ltr'>solebant,</span> <span class='ocrx_word' id='word_1_27' title='bbox 564 722 630 774; x_wconf 89' lang='lat' dir='ltr'>quae</span> <span class='ocrx_word' id='word_1_28' title='bbox 640 707 673 758; x_wconf 84' lang='lat' dir='ltr'>ad</span> <span class='ocrx_word' id='word_1_29' title='bbox 682 705 814 758; x_wconf 88' lang='lat' dir='ltr'>Bacchum</span> <span class='ocrx_word' id='word_1_30' title='bbox 824 707 993 776; x_wconf 74' lang='lat' dir='ltr'>pertinebant.</span> <span class='ocrx_word' id='word_1_31' title='bbox 1009 705 1159 760; x_wconf 78' lang='lat' dir='ltr'>Cuiusmodi</span> <span class='ocrx_word' id='word_1_32' title='bbox 1169 711 1223 758; x_wconf 83' lang='lat' dir='ltr'>erat</span> <span class='ocrx_word' id='word_1_33' title='bbox 1232 707 1302 758; x_wconf 85' lang='lat' dir='ltr'>illius</span> <span class='ocrx_word' id='word_1_34' title='bbox 1311 706 1425 758; x_wconf 87' lang='lat' dir='ltr'>laniatio.</span> 
     </span>
     <span class='ocr_line' id='line_1_6' title="bbox 270 790 833 860; baseline 0 -16"><span class='ocrx_word' id='word_1_35' title='bbox 270 791 307 844; x_wconf 88' lang='lat' dir='ltr'>De</span> <span class='ocrx_word' id='word_1_36' title='bbox 320 807 372 860; x_wconf 89' lang='lat' dir='ltr'>qna</span> <span class='ocrx_word' id='word_1_37' title='bbox 384 790 502 842; x_wconf 80' lang='lat' dir='ltr'>Clemens</span> <span class='ocrx_word' id='word_1_38' title='bbox 516 791 588 843; x_wconf 82' lang='lat' dir='ltr'>Alex.</span> <span class='ocrx_word' id='word_1_39' title='bbox 602 793 658 859; x_wconf 86' lang='lat' dir='ltr'>agit</span> <span class='ocrx_word' id='word_1_40' title='bbox 669 793 694 844; x_wconf 89' lang='lat' dir='ltr'>iu</span> <span class='ocrx_word' id='word_1_41' title='bbox 707 791 833 860; x_wconf 82' lang='lat' dir='ltr'>Protropi.</span> 
     </span>
    </p>

    <p class='ocr_par' dir='ltr' id='par_1_4' title="bbox 337 873 1426 944">
     <span class='ocr_line' id='line_1_7' title="bbox 337 873 1426 944; baseline 0 -18"><span class='ocrx_word' id='word_1_42' title='bbox 337 875 470 936; x_wconf 78' lang='grc' dir='ltr'>Εὐάζοντις</span> <span class='ocrx_word' id='word_1_43' title='bbox 483 875 519 944; x_wconf 79' lang='lat' dir='ltr'>rh,</span> <span class='ocrx_word' id='word_1_44' title='bbox 532 873 586 942; x_wconf 71' lang='lat' dir='ltr'>odd,</span> <span class='ocrx_word' id='word_1_45' title='bbox 598 874 665 942; x_wconf 68' lang='grc' dir='ltr'>οὖα]</span> <span class='ocrx_word' id='word_1_46' title='bbox 690 877 895 930; x_wconf 73' lang='lat' dir='ltr'>declamationes</span> <span class='ocrx_word' id='word_1_47' title='bbox 906 879 971 929; x_wconf 87' lang='lat' dir='ltr'>istae</span> <span class='ocrx_word' id='word_1_48' title='bbox 983 878 1010 930; x_wconf 92' lang='lat' dir='ltr'>in</span> <span class='ocrx_word' id='word_1_49' title='bbox 1023 878 1119 930; x_wconf 86' lang='lat' dir='ltr'>laetitia</span> <span class='ocrx_word' id='word_1_50' title='bbox 1131 883 1157 929; x_wconf 92' lang='lat' dir='ltr'>et</span> <span class='ocrx_word' id='word_1_51' title='bbox 1168 876 1297 929; x_wconf 74' lang='lat' dir='ltr'>hilaritate</span> <span class='ocrx_word' id='word_1_52' title='bbox 1309 875 1426 944; x_wconf 74' lang='lat' dir='ltr'>frequen-</span> 
     </span>
    </p>
   </div>
   <div class='ocr_carea' id='block_1_3' title="bbox 172 960 1426 1031">
    <p class='ocr_par' dir='ltr' id='par_1_5' title="bbox 172 960 1426 1031">
     <span class='ocr_line' id='line_1_8' title="bbox 172 960 1426 1031; baseline 0.002 -19"><span class='ocrx_word' id='word_1_53' title='bbox 172 1025 174 1030; x_wconf 30' lang='lat'>·</span> <span class='ocrx_word' id='word_1_54' title='bbox 270 967 308 1014; x_wconf 89' lang='lat' dir='ltr'>ter</span> <span class='ocrx_word' id='word_1_55' title='bbox 321 966 464 1030; x_wconf 88' lang='lat' dir='ltr'>usurpatae.</span> <span class='ocrx_word' id='word_1_56' title='bbox 490 961 560 1014; x_wconf 82' lang='lat' dir='ltr'>Unde</span> <span class='ocrx_word' id='word_1_57' title='bbox 572 961 664 1014; x_wconf 83' lang='lat' dir='ltr'>Oratio</span> <span class='ocrx_word' id='word_1_58' title='bbox 677 961 794 1016; x_wconf 85' lang='lat' dir='ltr'>deducta.</span> <span class='ocrx_word' id='word_1_59' title='bbox 815 961 963 1031; x_wconf 70' lang='lat' dir='ltr'>xiphilinus</span> <span class='ocrx_word' id='word_1_60' title='bbox 976 963 1002 1014; x_wconf 92' lang='lat' dir='ltr'>in</span> <span class='ocrx_word' id='word_1_61' title='bbox 1015 962 1115 1014; x_wconf 79' lang='lat' dir='ltr'>Nerone</span> <span class='ocrx_word' id='word_1_62' title='bbox 1127 963 1218 1015; x_wconf 86' lang='lat' dir='ltr'>scribit</span> <span class='ocrx_word' id='word_1_63' title='bbox 1229 961 1328 1014; x_wconf 77' lang='lat' dir='ltr'>Romae</span> <span class='ocrx_word' id='word_1_64' title='bbox 1340 960 1426 1029; x_wconf 70' lang='lat' dir='ltr'>Olym-</span> 
     </span>
    </p>
   </div>
   <div class='ocr_carea' id='block_1_4' title="bbox 268 1045 1427 3160">
    <p class='ocr_par' dir='ltr' id='par_1_6' title="bbox 269 1045 1226 1116">
     <span class='ocr_line' id='line_1_9' title="bbox 269 1045 1226 1116; baseline 0 -18"><span class='ocrx_word' id='word_1_65' title='bbox 269 1046 387 1116; x_wconf 87' lang='lat' dir='ltr'>pionicas</span> <span class='ocrx_word' id='word_1_66' title='bbox 398 1045 493 1098; x_wconf 87' lang='lat' dir='ltr'>Neroni</span> <span class='ocrx_word' id='word_1_67' title='bbox 505 1048 677 1100; x_wconf 77' lang='lat' dir='ltr'><strong>acclamatum</strong></span> <span class='ocrx_word' id='word_1_68' title='bbox 689 1063 758 1098; x_wconf 85' lang='lat' dir='ltr'>osse:</span> <span class='ocrx_word' id='word_1_69' title='bbox 771 1045 948 1114; x_wconf 71' lang='grc' dir='ltr'>Ὀλυμπιονίκα</span> <span class='ocrx_word' id='word_1_70' title='bbox 961 1046 1018 1112; x_wconf 76' lang='lat' dir='ltr'>odd,</span> <span class='ocrx_word' id='word_1_71' title='bbox 1032 1046 1161 1098; x_wconf 71' lang='grc' dir='ltr'><strong>Πυθιονῖκαι</strong></span> <span class='ocrx_word' id='word_1_72' title='bbox 1173 1045 1226 1098; x_wconf 73' lang='grc' dir='ltr'>οὖα.</span> 
     </span>
    </p>

    <p class='ocr_par' dir='ltr' id='par_1_7' title="bbox 268 1128 1427 2138">
     <span class='ocr_line' id='line_1_10' title="bbox 336 1128 1426 1202; baseline 0 -20"><span class='ocrx_word' id='word_1_73' title='bbox 336 1130 389 1182; x_wconf 81' lang='grc' dir='ltr'>Εὔα</span> <span class='ocrx_word' id='word_1_74' title='bbox 401 1132 447 1200; x_wconf 75' lang='grc' dir='ltr'>γὰρ</span> <span class='ocrx_word' id='word_1_75' title='bbox 460 1128 522 1182; x_wconf 76' lang='grc' dir='ltr'>κατὰ</span> <span class='ocrx_word' id='word_1_76' title='bbox 534 1131 576 1197; x_wconf 64' lang='grc' dir='ltr'>τὴν</span> <span class='ocrx_word' id='word_1_77' title='bbox 589 1131 680 1200; x_wconf 72' lang='grc' dir='ltr'>ψιλήν]</span> <span class='ocrx_word' id='word_1_78' title='bbox 715 1131 779 1184; x_wconf 83' lang='lat' dir='ltr'>Mihi</span> <span class='ocrx_word' id='word_1_79' title='bbox 797 1133 868 1184; x_wconf 90' lang='lat' dir='ltr'>nulla</span> <span class='ocrx_word' id='word_1_80' title='bbox 880 1149 931 1184; x_wconf 81' lang='lat' dir='ltr'>vox</span> <span class='ocrx_word' id='word_1_81' title='bbox 949 1133 1061 1184; x_wconf 88' lang='lat' dir='ltr'>occurrit</span> <span class='ocrx_word' id='word_1_82' title='bbox 1077 1133 1204 1184; x_wconf 87' lang='lat' dir='ltr'>eiusmodi</span> <span class='ocrx_word' id='word_1_83' title='bbox 1215 1149 1282 1202; x_wconf 87' lang='lat' dir='ltr'>quae</span> <span class='ocrx_word' id='word_1_84' title='bbox 1294 1133 1426 1184; x_wconf 86' lang='lat' dir='ltr'>mulierem</span> 
     </span>
     <span class='ocr_line' id='line_1_11' title="bbox 268 1216 1426 1286; baseline -0.002 -16"><span class='ocrx_word' id='word_1_85' title='bbox 268 1217 393 1270; x_wconf 85' lang='lat' dir='ltr'>llehraiee</span> <span class='ocrx_word' id='word_1_86' title='bbox 405 1216 541 1284; x_wconf 82' lang='lat' dir='ltr'>significet.</span> <span class='ocrx_word' id='word_1_87' title='bbox 565 1219 599 1268; x_wconf 81' lang='lat' dir='ltr'>nt</span> <span class='ocrx_word' id='word_1_88' title='bbox 616 1225 706 1276; x_wconf 56' lang='grc' dir='ltr'>μήνη</span> <span class='ocrx_word' id='word_1_89' title='bbox 724 1216 791 1268; x_wconf 85' lang='lat' dir='ltr'>idem</span> <span class='ocrx_word' id='word_1_90' title='bbox 810 1223 849 1268; x_wconf 87' lang='lat' dir='ltr'>est</span> <span class='ocrx_word' id='word_1_91' title='bbox 866 1233 897 1268; x_wconf 89' lang='lat' dir='ltr'>ac</span> <span class='ocrx_word' id='word_1_92' title='bbox 915 1233 1034 1286; x_wconf 82' lang='lat' dir='ltr'>serpens,</span> <span class='ocrx_word' id='word_1_93' title='bbox 1052 1217 1121 1286; x_wconf 88' lang='lat' dir='ltr'>quod</span> <span class='ocrx_word' id='word_1_94' title='bbox 1137 1218 1293 1270; x_wconf 85' lang='lat' dir='ltr'>vocabulum</span> <span class='ocrx_word' id='word_1_95' title='bbox 1311 1233 1356 1286; x_wconf 90' lang='lat' dir='ltr'>per</span> <span class='ocrx_word' id='word_1_96' title='bbox 1368 1217 1426 1268; x_wconf 92' lang='lat' dir='ltr'>den·</span> 
     </span>
     <span class='ocr_line' id='line_1_12' title="bbox 270 1301 1426 1371; baseline 0.002 -18"><span class='ocrx_word' id='word_1_97' title='bbox 270 1303 400 1353; x_wconf 86' lang='lat' dir='ltr'>sissimam</span> <span class='ocrx_word' id='word_1_98' title='bbox 410 1302 593 1371; x_wconf 76' lang='lat' dir='ltr'>aspirationem</span> <span class='ocrx_word' id='word_1_99' title='bbox 603 1301 713 1364; x_wconf 81' lang='lat' dir='ltr'>effertur,</span> <span class='ocrx_word' id='word_1_100' title='bbox 723 1303 843 1354; x_wconf 83' lang='lat' dir='ltr'>nimirum</span> <span class='ocrx_word' id='word_1_101' title='bbox 857 1307 895 1364; x_wconf 72' lang='lat' dir='ltr'>rt:</span> <span class='ocrx_word' id='word_1_102' title='bbox 907 1309 935 1354; x_wconf 90' lang='lat' dir='ltr'>ut</span> <span class='ocrx_word' id='word_1_103' title='bbox 945 1308 970 1353; x_wconf 92' lang='lat' dir='ltr'>et</span> <span class='ocrx_word' id='word_1_104' title='bbox 980 1302 1047 1354; x_wconf 80' lang='lat' dir='ltr'>lirae</span> <span class='ocrx_word' id='word_1_105' title='bbox 1057 1318 1152 1354; x_wconf 88' lang='lat' dir='ltr'>nomeu</span> <span class='ocrx_word' id='word_1_106' title='bbox 1164 1307 1243 1362; x_wconf 66' lang='lat' dir='ltr'>nti&#39;t.</span> <span class='ocrx_word' id='word_1_107' title='bbox 1263 1303 1358 1355; x_wconf 80' lang='lat' dir='ltr'>Verum</span> <span class='ocrx_word' id='word_1_108' title='bbox 1368 1317 1426 1355; x_wconf 83' lang='lat' dir='ltr'>axx.</span> 
     </span>
     <span class='ocr_line' id='line_1_13' title="bbox 271 1385 1427 1457; baseline -0.003 -17"><span class='ocrx_word' id='word_1_109' title='bbox 271 1385 335 1440; x_wconf 80' lang='grc' dir='ltr'>Εὔαν</span> <span class='ocrx_word' id='word_1_110' title='bbox 351 1389 423 1440; x_wconf 90' lang='lat' dir='ltr'>tenui</span> <span class='ocrx_word' id='word_1_111' title='bbox 439 1387 531 1456; x_wconf 87' lang='lat' dir='ltr'>spiritu</span> <span class='ocrx_word' id='word_1_112' title='bbox 547 1387 718 1440; x_wconf 90' lang='lat' dir='ltr'>reddiderunt.</span> <span class='ocrx_word' id='word_1_113' title='bbox 753 1385 809 1448; x_wconf 77' lang='lat' dir='ltr'>Quo</span> <span class='ocrx_word' id='word_1_114' title='bbox 825 1388 876 1440; x_wconf 89' lang='lat' dir='ltr'>uisi</span> <span class='ocrx_word' id='word_1_115' title='bbox 892 1387 967 1439; x_wconf 86' lang='lat' dir='ltr'>lallor</span> <span class='ocrx_word' id='word_1_116' title='bbox 983 1389 1098 1456; x_wconf 85' lang='lat' dir='ltr'>respexit</span> <span class='ocrx_word' id='word_1_117' title='bbox 1114 1386 1281 1457; x_wconf 85' lang='lat' dir='ltr'>Epiphanius.</span> <span class='ocrx_word' id='word_1_118' title='bbox 1317 1385 1391 1439; x_wconf 87' lang='lat' dir='ltr'>Unde</span> <span class='ocrx_word' id='word_1_119' title='bbox 1403 1393 1427 1437; x_wconf 87' lang='lat' dir='ltr'>et</span> 
     </span>
     <span class='ocr_line' id='line_1_14' title="bbox 270 1469 1426 1542; baseline -0.001 -17"><span class='ocrx_word' id='word_1_120' title='bbox 270 1472 332 1526; x_wconf 79' lang='grc' dir='ltr'>κατὰ</span> <span class='ocrx_word' id='word_1_121' title='bbox 344 1471 386 1538; x_wconf 73' lang='grc' dir='ltr'>τὴν</span> <span class='ocrx_word' id='word_1_122' title='bbox 399 1471 471 1540; x_wconf 76' lang='grc' dir='ltr'>ψιλὴν</span> <span class='ocrx_word' id='word_1_123' title='bbox 484 1469 608 1540; x_wconf 71' lang='grc' dir='ltr'>ἀπόδοσιν,</span> <span class='ocrx_word' id='word_1_124' title='bbox 621 1472 647 1524; x_wconf 91' lang='lat' dir='ltr'>id</span> <span class='ocrx_word' id='word_1_125' title='bbox 658 1479 698 1524; x_wconf 88' lang='lat' dir='ltr'>eat</span> <span class='ocrx_word' id='word_1_126' title='bbox 709 1476 777 1524; x_wconf 80' lang='lat' dir='ltr'>tenni</span> <span class='ocrx_word' id='word_1_127' title='bbox 786 1476 878 1540; x_wconf 80' lang='grc' dir='ltr'>αριίιία</span> <span class='ocrx_word' id='word_1_128' title='bbox 891 1475 1015 1524; x_wconf 83' lang='lat' dir='ltr'>redditum</span> <span class='ocrx_word' id='word_1_129' title='bbox 1028 1471 1107 1536; x_wconf 83' lang='lat' dir='ltr'>dixit,</span> <span class='ocrx_word' id='word_1_130' title='bbox 1123 1489 1215 1542; x_wconf 87' lang='lat' dir='ltr'>nempe</span> <span class='ocrx_word' id='word_1_131' title='bbox 1227 1473 1259 1524; x_wconf 86' lang='lat' dir='ltr'>ad</span> <span class='ocrx_word' id='word_1_132' title='bbox 1272 1489 1326 1524; x_wconf 80' lang='lat' dir='ltr'>ux</span> <span class='ocrx_word' id='word_1_133' title='bbox 1337 1471 1426 1524; x_wconf 87' lang='lat' dir='ltr'>Senio·</span> 
     </span>
     <span class='ocr_line' id='line_1_15' title="bbox 269 1555 1426 1626; baseline -0.002 -16"><span class='ocrx_word' id='word_1_134' title='bbox 269 1575 327 1610; x_wconf 89' lang='lat' dir='ltr'>rum</span> <span class='ocrx_word' id='word_1_135' title='bbox 340 1557 457 1608; x_wconf 78' lang='grc' dir='ltr'>ἀπόδοσιν</span> <span class='ocrx_word' id='word_1_136' title='bbox 469 1565 495 1608; x_wconf 87' lang='lat' dir='ltr'>et</span> <span class='ocrx_word' id='word_1_137' title='bbox 505 1557 700 1609; x_wconf 68' lang='lat' dir='ltr'>mandationem</span> <span class='ocrx_word' id='word_1_138' title='bbox 708 1557 837 1610; x_wconf 83' lang='lat' dir='ltr'>alludens.</span> <span class='ocrx_word' id='word_1_139' title='bbox 860 1557 989 1626; x_wconf 87' lang='lat' dir='ltr'>Egregius</span> <span class='ocrx_word' id='word_1_140' title='bbox 1003 1561 1043 1610; x_wconf 88' lang='lat' dir='ltr'>est</span> <span class='ocrx_word' id='word_1_141' title='bbox 1054 1563 1142 1610; x_wconf 88' lang='lat' dir='ltr'>autem</span> <span class='ocrx_word' id='word_1_142' title='bbox 1154 1556 1194 1609; x_wconf 91' lang='lat' dir='ltr'>hio</span> <span class='ocrx_word' id='word_1_143' title='bbox 1206 1555 1345 1626; x_wconf 82' lang='lat' dir='ltr'>Epiphanii</span> <span class='ocrx_word' id='word_1_144' title='bbox 1356 1557 1426 1608; x_wconf 86' lang='lat' dir='ltr'>locus</span> 
     </span>
     <span class='ocr_line' id='line_1_16' title="bbox 270 1641 1426 1712; baseline -0.002 -17"><span class='ocrx_word' id='word_1_145' title='bbox 270 1643 302 1696; x_wconf 86' lang='lat' dir='ltr'>ad</span> <span class='ocrx_word' id='word_1_146' title='bbox 320 1659 409 1695; x_wconf 89' lang='lat' dir='ltr'>earum</span> <span class='ocrx_word' id='word_1_147' title='bbox 425 1658 518 1695; x_wconf 81' lang='lat' dir='ltr'>uocum</span> <span class='ocrx_word' id='word_1_148' title='bbox 536 1642 716 1712; x_wconf 79' lang='lat' dir='ltr'>explicandam</span> <span class='ocrx_word' id='word_1_149' title='bbox 735 1643 861 1711; x_wconf 84' lang='lat' dir='ltr'>originem</span> <span class='ocrx_word' id='word_1_150' title='bbox 880 1659 945 1711; x_wconf 89' lang='lat' dir='ltr'>quae</span> <span class='ocrx_word' id='word_1_151' title='bbox 967 1643 993 1694; x_wconf 89' lang='lat' dir='ltr'>in</span> <span class='ocrx_word' id='word_1_152' title='bbox 1011 1641 1108 1695; x_wconf 82' lang='lat' dir='ltr'>Bacchi</span> <span class='ocrx_word' id='word_1_153' title='bbox 1127 1644 1207 1695; x_wconf 84' lang='lat' dir='ltr'>enoria</span> <span class='ocrx_word' id='word_1_154' title='bbox 1227 1641 1426 1710; x_wconf 85' lang='lat' dir='ltr'>usurpabantur,</span> 
     </span>
     <span class='ocr_line' id='line_1_17' title="bbox 269 1726 1427 1796; baseline -0.003 -16"><span class='ocrx_word' id='word_1_155' title='bbox 269 1727 355 1792; x_wconf 80' lang='lat' dir='ltr'>Euan,</span> <span class='ocrx_word' id='word_1_156' title='bbox 373 1728 455 1791; x_wconf 84' lang='lat' dir='ltr'>Evoe,</span> <span class='ocrx_word' id='word_1_157' title='bbox 473 1727 561 1796; x_wconf 78' lang='lat' dir='ltr'>Euhye</span> <span class='ocrx_word' id='word_1_158' title='bbox 579 1733 627 1779; x_wconf 90' lang='lat' dir='ltr'>etc.</span> <span class='ocrx_word' id='word_1_159' title='bbox 662 1726 777 1790; x_wconf 82' lang='lat' dir='ltr'>Quarum</span> <span class='ocrx_word' id='word_1_160' title='bbox 795 1728 1017 1796; x_wconf 75' lang='lat' dir='ltr'>interpretationes</span> <span class='ocrx_word' id='word_1_161' title='bbox 1033 1743 1095 1780; x_wconf 89' lang='lat' dir='ltr'>sane</span> <span class='ocrx_word' id='word_1_162' title='bbox 1107 1727 1318 1780; x_wconf 87' lang='lat' dir='ltr'>ridiculssoritici</span> <span class='ocrx_word' id='word_1_163' title='bbox 1330 1742 1360 1778; x_wconf 88' lang='lat' dir='ltr'>ac</span> <span class='ocrx_word' id='word_1_164' title='bbox 1373 1741 1427 1793; x_wconf 80' lang='lat' dir='ltr'>my·</span> 
     </span>
     <span class='ocr_line' id='line_1_18' title="bbox 268 1811 1427 1884; baseline -0.002 -18"><span class='ocrx_word' id='word_1_165' title='bbox 268 1815 368 1882; x_wconf 89' lang='lat' dir='ltr'>thologi</span> <span class='ocrx_word' id='word_1_166' title='bbox 380 1815 465 1866; x_wconf 90' lang='lat' dir='ltr'>solent</span> <span class='ocrx_word' id='word_1_167' title='bbox 476 1812 575 1866; x_wconf 77' lang='lat' dir='ltr'>afferre.</span> <span class='ocrx_word' id='word_1_168' title='bbox 605 1814 671 1865; x_wconf 82' lang='lat' dir='ltr'>Vera</span> <span class='ocrx_word' id='word_1_169' title='bbox 682 1819 769 1884; x_wconf 74' lang='lat' dir='ltr'>autern</span> <span class='ocrx_word' id='word_1_170' title='bbox 782 1812 844 1864; x_wconf 87' lang='lat' dir='ltr'>haeo</span> <span class='ocrx_word' id='word_1_171' title='bbox 857 1817 897 1864; x_wconf 89' lang='lat' dir='ltr'>est</span> <span class='ocrx_word' id='word_1_172' title='bbox 908 1815 985 1876; x_wconf 87' lang='lat' dir='ltr'>ratio,</span> <span class='ocrx_word' id='word_1_173' title='bbox 998 1829 1076 1881; x_wconf 87' lang='lat' dir='ltr'>qnam</span> <span class='ocrx_word' id='word_1_174' title='bbox 1088 1811 1129 1864; x_wconf 88' lang='lat' dir='ltr'>hie</span> <span class='ocrx_word' id='word_1_175' title='bbox 1141 1818 1229 1865; x_wconf 88' lang='lat' dir='ltr'>noster</span> <span class='ocrx_word' id='word_1_176' title='bbox 1240 1813 1336 1874; x_wconf 86' lang='lat' dir='ltr'>innuit,</span> <span class='ocrx_word' id='word_1_177' title='bbox 1349 1827 1366 1862; x_wconf 89' lang='lat' dir='ltr'>a</span> <span class='ocrx_word' id='word_1_178' title='bbox 1377 1828 1427 1864; x_wconf 87' lang='lat' dir='ltr'>ser·</span> 
     </span>
     <span class='ocr_line' id='line_1_19' title="bbox 269 1895 1427 1968; baseline -0.003 -17"><span class='ocrx_word' id='word_1_179' title='bbox 269 1899 404 1968; x_wconf 84' lang='lat' dir='ltr'>pentibus,</span> <span class='ocrx_word' id='word_1_180' title='bbox 422 1899 465 1966; x_wconf 91' lang='lat' dir='ltr'>qni</span> <span class='ocrx_word' id='word_1_181' title='bbox 483 1899 535 1950; x_wconf 84' lang='lat' dir='ltr'>iilis</span> <span class='ocrx_word' id='word_1_182' title='bbox 548 1899 572 1950; x_wconf 93' lang='lat' dir='ltr'>in</span> <span class='ocrx_word' id='word_1_183' title='bbox 586 1899 666 1950; x_wconf 88' lang='lat' dir='ltr'>sacris</span> <span class='ocrx_word' id='word_1_184' title='bbox 678 1898 836 1958; x_wconf 81' lang='lat' dir='ltr'>colebantur,</span> <span class='ocrx_word' id='word_1_185' title='bbox 854 1914 885 1949; x_wconf 90' lang='lat' dir='ltr'>ea</span> <span class='ocrx_word' id='word_1_186' title='bbox 896 1898 1010 1950; x_wconf 86' lang='lat' dir='ltr'>derivata</span> <span class='ocrx_word' id='word_1_187' title='bbox 1023 1899 1156 1950; x_wconf 85' lang='lat' dir='ltr'>vocabula.</span> <span class='ocrx_word' id='word_1_188' title='bbox 1180 1895 1254 1960; x_wconf 84' lang='lat' dir='ltr'>Quod</span> <span class='ocrx_word' id='word_1_189' title='bbox 1272 1896 1377 1965; x_wconf 90' lang='lat' dir='ltr'>quidem</span> <span class='ocrx_word' id='word_1_190' title='bbox 1395 1913 1427 1950; x_wconf 84' lang='lat' dir='ltr'>ex</span> 
     </span>
     <span class='ocr_line' id='line_1_20' title="bbox 270 1977 1426 2053; baseline -0.004 -17"><span class='ocrx_word' id='word_1_191' title='bbox 270 1984 380 2038; x_wconf 80' lang='lat' dir='ltr'>Eusebio</span> <span class='ocrx_word' id='word_1_192' title='bbox 392 1984 535 2046; x_wconf 86' lang='lat' dir='ltr'>transtulit,</span> <span class='ocrx_word' id='word_1_193' title='bbox 547 1983 591 2051; x_wconf 91' lang='lat' dir='ltr'>qui</span> <span class='ocrx_word' id='word_1_194' title='bbox 601 1984 646 2036; x_wconf 92' lang='lat' dir='ltr'>lib.</span> <span class='ocrx_word' id='word_1_195' title='bbox 656 2001 683 2036; x_wconf 93' lang='grc' dir='ltr'>ιι.</span> <span class='ocrx_word' id='word_1_196' title='bbox 696 1983 727 2034; x_wconf 94' lang='lat' dir='ltr'>de</span> <span class='ocrx_word' id='word_1_197' title='bbox 739 1982 857 2051; x_wconf 88' lang='lat' dir='ltr'>Praepar.</span> <span class='ocrx_word' id='word_1_198' title='bbox 869 1998 928 2053; x_wconf 86' lang='lat' dir='ltr'>pag.</span> <span class='ocrx_word' id='word_1_199' title='bbox 938 1982 978 2036; x_wconf 87' lang='lat'>39.</span> <span class='ocrx_word' id='word_1_200' title='bbox 1000 1981 1091 2034; x_wconf 80' lang='grc' dir='ltr'>Διἰτίνισ</span> <span class='ocrx_word' id='word_1_201' title='bbox 1106 1987 1175 2051; x_wconf 76' lang='grc' dir='ltr'>γοῦν,</span> <span class='ocrx_word' id='word_1_202' title='bbox 1190 1983 1288 2051; x_wconf 89' lang='lat' dir='ltr'>inquit,</span> <span class='ocrx_word' id='word_1_203' title='bbox 1306 1977 1369 2032; x_wconf 76' lang='lat' dir='ltr'>sarit</span> <span class='ocrx_word' id='word_1_204' title='bbox 1386 1979 1426 2047; x_wconf 77' lang='grc' dir='ltr'>τὴν</span> 
     </span>
     <span class='ocr_line' id='line_1_21' title="bbox 270 2062 1390 2138; baseline -0.002 -18"><span class='ocrx_word' id='word_1_205' title='bbox 270 2066 355 2138; x_wconf 78' lang='grc' dir='ltr'>ἀκριβῆ</span> <span class='ocrx_word' id='word_1_206' title='bbox 368 2071 416 2119; x_wconf 82' lang='grc' dir='ltr'>τῶν</span> <span class='ocrx_word' id='word_1_207' title='bbox 429 2066 550 2136; x_wconf 75' lang='grc' dir='ltr'>Ἐβραίων</span> <span class='ocrx_word' id='word_1_208' title='bbox 563 2067 644 2134; x_wconf 78' lang='grc' dir='ltr'>φωνὴν</span> <span class='ocrx_word' id='word_1_209' title='bbox 657 2067 685 2119; x_wconf 84' lang='lat' dir='ltr'>rh</span> <span class='ocrx_word' id='word_1_210' title='bbox 697 2063 775 2136; x_wconf 81' lang='grc' dir='ltr'>ὄνομα</span> <span class='ocrx_word' id='word_1_211' title='bbox 787 2067 815 2118; x_wconf 79' lang='lat' dir='ltr'>rb</span> <span class='ocrx_word' id='word_1_212' title='bbox 828 2066 881 2118; x_wconf 81' lang='grc' dir='ltr'>Εὔα</span> <span class='ocrx_word' id='word_1_213' title='bbox 893 2068 1056 2137; x_wconf 78' lang='grc' dir='ltr'>δασυνόμενον</span> <span class='ocrx_word' id='word_1_214' title='bbox 1069 2065 1221 2138; x_wconf 72' lang='grc' dir='ltr'>ἑρμηνεύεται</span> <span class='ocrx_word' id='word_1_215' title='bbox 1233 2062 1286 2134; x_wconf 70' lang='grc' dir='ltr'>ὅρια</span> <span class='ocrx_word' id='word_1_216' title='bbox 1298 2064 1390 2131; x_wconf 64' lang='grc' dir='ltr'>θήλειαι</span> 
     </span>
    </p>

    <p class='ocr_par' dir='ltr' id='par_1_8' title="bbox 270 2151 1427 2393">
     <span class='ocr_line' id='line_1_22' title="bbox 337 2151 1427 2220; baseline -0.001 -15"><span class='ocrx_word' id='word_1_217' title='bbox 337 2154 368 2206; x_wconf 90' lang='lat' dir='ltr'>N.</span> <span class='ocrx_word' id='word_1_218' title='bbox 381 2172 416 2206; x_wconf 85' lang='lat' dir='ltr'>rr.</span> <span class='ocrx_word' id='word_1_219' title='bbox 435 2153 479 2204; x_wconf 81' lang='lat' dir='ltr'>liei</span> <span class='ocrx_word' id='word_1_220' title='bbox 492 2155 539 2204; x_wconf 84' lang='grc' dir='ltr'>τῶν</span> <span class='ocrx_word' id='word_1_221' title='bbox 552 2151 752 2220; x_wconf 71' lang='grc' dir='ltr'>καταλιζόντων]</span> <span class='ocrx_word' id='word_1_222' title='bbox 773 2153 912 2206; x_wconf 85' lang='lat' dir='ltr'>Gornarius</span> <span class='ocrx_word' id='word_1_223' title='bbox 924 2151 1122 2214; x_wconf 80' lang='grc' dir='ltr'>πατταλιζόντων</span> <span class='ocrx_word' id='word_1_224' title='bbox 1134 2155 1162 2205; x_wconf 91' lang='lat' dir='ltr'>in</span> <span class='ocrx_word' id='word_1_225' title='bbox 1173 2151 1261 2206; x_wconf 87' lang='lat' dir='ltr'>codice</span> <span class='ocrx_word' id='word_1_226' title='bbox 1272 2167 1321 2204; x_wconf 87' lang='lat' dir='ltr'>suo</span> <span class='ocrx_word' id='word_1_227' title='bbox 1332 2151 1427 2220; x_wconf 83' lang='lat' dir='ltr'>legisse</span> 
     </span>
     <span class='ocr_line' id='line_1_23' title="bbox 270 2235 1426 2308; baseline -0.002 -18"><span class='ocrx_word' id='word_1_228' title='bbox 270 2239 377 2292; x_wconf 85' lang='lat' dir='ltr'>ridetur.</span> <span class='ocrx_word' id='word_1_229' title='bbox 400 2238 484 2290; x_wconf 91' lang='lat' dir='ltr'>Vertit</span> <span class='ocrx_word' id='word_1_230' title='bbox 502 2239 569 2290; x_wconf 88' lang='lat' dir='ltr'>enim</span> <span class='ocrx_word' id='word_1_231' title='bbox 585 2243 700 2306; x_wconf 70' lang='lat' dir='ltr'>porticos</span> <span class='ocrx_word' id='word_1_232' title='bbox 715 2244 878 2305; x_wconf 72' lang='lat' dir='ltr'>pertentium,</span> <span class='ocrx_word' id='word_1_233' title='bbox 896 2239 1025 2308; x_wconf 89' lang='lat' dir='ltr'>quomodo</span> <span class='ocrx_word' id='word_1_234' title='bbox 1043 2239 1070 2290; x_wconf 93' lang='lat' dir='ltr'>in</span> <span class='ocrx_word' id='word_1_235' title='bbox 1087 2238 1170 2307; x_wconf 87' lang='lat' dir='ltr'>Regio</span> <span class='ocrx_word' id='word_1_236' title='bbox 1187 2237 1342 2290; x_wconf 84' lang='lat' dir='ltr'>inrenirnue.</span> <span class='ocrx_word' id='word_1_237' title='bbox 1377 2235 1426 2289; x_wconf 84' lang='lat' dir='ltr'>Sed</span> 
     </span>
     <span class='ocr_line' id='line_1_24' title="bbox 271 2321 1074 2393; baseline -0.005 -17"><span class='ocrx_word' id='word_1_238' title='bbox 271 2324 376 2393; x_wconf 87' lang='lat' dir='ltr'>quinam</span> <span class='ocrx_word' id='word_1_239' title='bbox 389 2329 450 2376; x_wconf 88' lang='lat' dir='ltr'>sunt</span> <span class='ocrx_word' id='word_1_240' title='bbox 461 2321 483 2374; x_wconf 87' lang='lat' dir='ltr'>ol</span> <span class='ocrx_word' id='word_1_241' title='bbox 496 2322 697 2382; x_wconf 73' lang='grc' dir='ltr'>πατταλίζοντεςλ</span> <span class='ocrx_word' id='word_1_242' title='bbox 718 2324 758 2376; x_wconf 82' lang='lat' dir='ltr'>lin</span> <span class='ocrx_word' id='word_1_243' title='bbox 771 2324 847 2376; x_wconf 89' lang='lat' dir='ltr'>iidem</span> <span class='ocrx_word' id='word_1_244' title='bbox 861 2340 890 2376; x_wconf 88' lang='lat' dir='ltr'>ae</span> <span class='ocrx_word' id='word_1_245' title='bbox 903 2322 1074 2392; x_wconf 69' lang='lat' dir='ltr'>pebbepdpor?</span> 
     </span>
    </p>

    <p class='ocr_par' dir='ltr' id='par_1_9' title="bbox 269 2405 1427 2634">
     <span class='ocr_line' id='line_1_25' title="bbox 337 2405 1427 2478; baseline -0.001 -18"><span class='ocrx_word' id='word_1_246' title='bbox 337 2408 368 2460; x_wconf 89' lang='lat' dir='ltr'>N.</span> <span class='ocrx_word' id='word_1_247' title='bbox 381 2427 427 2462; x_wconf 76' lang='grc' dir='ltr'>ιιι.</span> <span class='ocrx_word' id='word_1_248' title='bbox 445 2405 515 2476; x_wconf 81' lang='grc' dir='ltr'>Παρὰ</span> <span class='ocrx_word' id='word_1_249' title='bbox 527 2407 553 2459; x_wconf 80' lang='grc' dir='ltr'>δὲ</span> <span class='ocrx_word' id='word_1_250' title='bbox 563 2405 698 2476; x_wconf 77' lang='grc' dir='ltr'>Αἰγυπτίοις</span> <span class='ocrx_word' id='word_1_251' title='bbox 711 2411 852 2477; x_wconf 78' lang='grc' dir='ltr'>προφῆται]</span> <span class='ocrx_word' id='word_1_252' title='bbox 875 2409 913 2460; x_wconf 90' lang='lat' dir='ltr'>De</span> <span class='ocrx_word' id='word_1_253' title='bbox 925 2409 1017 2478; x_wconf 89' lang='lat' dir='ltr'>triplici</span> <span class='ocrx_word' id='word_1_254' title='bbox 1029 2408 1192 2462; x_wconf 89' lang='lat' dir='ltr'>sacerdotum</span> <span class='ocrx_word' id='word_1_255' title='bbox 1204 2408 1273 2478; x_wconf 85' lang='lat' dir='ltr'>apud</span> <span class='ocrx_word' id='word_1_256' title='bbox 1285 2407 1427 2477; x_wconf 74' lang='lat' dir='ltr'>Aegyptios</span> 
     </span>
     <span class='ocr_line' id='line_1_26' title="bbox 269 2491 1427 2563; baseline -0.002 -17"><span class='ocrx_word' id='word_1_257' title='bbox 269 2511 364 2563; x_wconf 84' lang='lat' dir='ltr'>genere</span> <span class='ocrx_word' id='word_1_258' title='bbox 376 2494 433 2546; x_wconf 84' lang='lat' dir='ltr'>ride</span> <span class='ocrx_word' id='word_1_259' title='bbox 445 2509 512 2562; x_wconf 89' lang='lat' dir='ltr'>quae</span> <span class='ocrx_word' id='word_1_260' title='bbox 524 2494 555 2546; x_wconf 86' lang='lat' dir='ltr'>ad</span> <span class='ocrx_word' id='word_1_261' title='bbox 568 2493 708 2562; x_wconf 78' lang='lat' dir='ltr'>Syneeium</span> <span class='ocrx_word' id='word_1_262' title='bbox 720 2496 745 2547; x_wconf 89' lang='lat' dir='ltr'>in</span> <span class='ocrx_word' id='word_1_263' title='bbox 758 2491 882 2546; x_wconf 83' lang='lat' dir='ltr'>Encomio</span> <span class='ocrx_word' id='word_1_264' title='bbox 895 2494 996 2546; x_wconf 81' lang='lat' dir='ltr'>Galritii</span> <span class='ocrx_word' id='word_1_265' title='bbox 1013 2499 1039 2545; x_wconf 89' lang='lat' dir='ltr'>ei</span> <span class='ocrx_word' id='word_1_266' title='bbox 1053 2494 1125 2546; x_wconf 90' lang='lat' dir='ltr'>libris</span> <span class='ocrx_word' id='word_1_267' title='bbox 1141 2493 1172 2545; x_wconf 93' lang='lat' dir='ltr'>de</span> <span class='ocrx_word' id='word_1_268' title='bbox 1188 2493 1289 2546; x_wconf 85' lang='lat' dir='ltr'>Prorld.</span> <span class='ocrx_word' id='word_1_269' title='bbox 1303 2493 1365 2545; x_wconf 89' lang='lat' dir='ltr'>olim</span> <span class='ocrx_word' id='word_1_270' title='bbox 1384 2491 1427 2544; x_wconf 88' lang='lat' dir='ltr'>ob·</span> 
     </span>
     <span class='ocr_line' id='line_1_27' title="bbox 269 2581 439 2634; baseline 0.012 -2"><span class='ocrx_word' id='word_1_271' title='bbox 269 2581 439 2634; x_wconf 80' lang='lat' dir='ltr'>servarimus.</span> 
     </span>
    </p>

    <p class='ocr_par' dir='ltr' id='par_1_10' title="bbox 270 2661 1426 2820">
     <span class='ocr_line' id='line_1_28' title="bbox 337 2661 1426 2735; baseline -0.002 -20"><span class='ocrx_word' id='word_1_272' title='bbox 337 2663 485 2734; x_wconf 79' lang='grc' dir='ltr'>Ὶεραρᾶινται</span> <span class='ocrx_word' id='word_1_273' title='bbox 499 2683 530 2732; x_wconf 76' lang='grc' dir='ltr'>τε,</span> <span class='ocrx_word' id='word_1_274' title='bbox 544 2665 583 2716; x_wconf 81' lang='grc' dir='ltr'>καὶ</span> <span class='ocrx_word' id='word_1_275' title='bbox 595 2667 743 2735; x_wconf 63' lang='grc' dir='ltr'>κοννάρων]</span> <span class='ocrx_word' id='word_1_276' title='bbox 762 2665 952 2734; x_wconf 84' lang='lat' dir='ltr'>Distinguenda</span> <span class='ocrx_word' id='word_1_277' title='bbox 962 2665 1011 2718; x_wconf 88' lang='lat' dir='ltr'>hoo</span> <span class='ocrx_word' id='word_1_278' title='bbox 1023 2663 1099 2718; x_wconf 89' lang='lat' dir='ltr'>modo</span> <span class='ocrx_word' id='word_1_279' title='bbox 1112 2665 1162 2716; x_wconf 86' lang='lat' dir='ltr'>iste</span> <span class='ocrx_word' id='word_1_280' title='bbox 1174 2668 1235 2716; x_wconf 88' lang='lat' dir='ltr'>sunt</span> <span class='ocrx_word' id='word_1_281' title='bbox 1245 2661 1384 2732; x_wconf 70' lang='grc' dir='ltr'>ἱεροφάνται</span> <span class='ocrx_word' id='word_1_282' title='bbox 1395 2679 1426 2730; x_wconf 84' lang='grc' dir='ltr'>τι,</span> 
     </span>
     <span class='ocr_line' id='line_1_29' title="bbox 270 2751 768 2820; baseline 0.004 -18"><span class='ocrx_word' id='word_1_283' title='bbox 270 2751 309 2802; x_wconf 76' lang='lat' dir='ltr'>sal</span> <span class='ocrx_word' id='word_1_284' title='bbox 321 2752 445 2820; x_wconf 80' lang='grc' dir='ltr'>νεωνόροι.</span> <span class='ocrx_word' id='word_1_285' title='bbox 459 2751 565 2802; x_wconf 77' lang='grc' dir='ltr'>Κυνικῶν</span> <span class='ocrx_word' id='word_1_286' title='bbox 578 2768 603 2800; x_wconf 85' lang='grc' dir='ltr'>τε</span> <span class='ocrx_word' id='word_1_287' title='bbox 616 2751 708 2816; x_wconf 59' lang='grc' dir='ltr'>πλῆθος</span> <span class='ocrx_word' id='word_1_288' title='bbox 719 2757 768 2805; x_wconf 87' lang='lat' dir='ltr'>etc.</span> 
     </span>
    </p>

    <p class='ocr_par' dir='ltr' id='par_1_11' title="bbox 269 2833 1427 3076">
     <span class='ocr_line' id='line_1_30' title="bbox 336 2833 1427 2906; baseline 0.001 -19"><span class='ocrx_word' id='word_1_289' title='bbox 336 2835 367 2888; x_wconf 85' lang='lat' dir='ltr'>N.</span> <span class='ocrx_word' id='word_1_290' title='bbox 379 2853 436 2888; x_wconf 85' lang='lat' dir='ltr'>xrrr.</span> <span class='ocrx_word' id='word_1_291' title='bbox 465 2833 555 2888; x_wconf 71' lang='lat' dir='ltr'>&#39;hibor</span> <span class='ocrx_word' id='word_1_292' title='bbox 567 2854 591 2888; x_wconf 83' lang='grc' dir='ltr'>τε</span> <span class='ocrx_word' id='word_1_293' title='bbox 603 2834 675 2887; x_wconf 75' lang='grc' dir='ltr'>πάλιν</span> <span class='ocrx_word' id='word_1_294' title='bbox 687 2834 711 2887; x_wconf 81' lang='grc' dir='ltr'>ἐν</span> <span class='ocrx_word' id='word_1_295' title='bbox 724 2841 752 2905; x_wconf 80' lang='grc' dir='ltr'>τῇ</span> <span class='ocrx_word' id='word_1_296' title='bbox 765 2834 889 2902; x_wconf 78' lang='grc' dir='ltr'>Ἑλλάδι]</span> <span class='ocrx_word' id='word_1_297' title='bbox 924 2835 981 2888; x_wconf 89' lang='lat' dir='ltr'>Non</span> <span class='ocrx_word' id='word_1_298' title='bbox 997 2837 1082 2906; x_wconf 83' lang='lat' dir='ltr'>magis</span> <span class='ocrx_word' id='word_1_299' title='bbox 1094 2837 1160 2888; x_wconf 89' lang='lat' dir='ltr'>inter</span> <span class='ocrx_word' id='word_1_300' title='bbox 1171 2833 1290 2888; x_wconf 84' lang='lat' dir='ltr'>haereses</span> <span class='ocrx_word' id='word_1_301' title='bbox 1302 2851 1333 2886; x_wconf 83' lang='lat' dir='ltr'>ao</span> <span class='ocrx_word' id='word_1_302' title='bbox 1345 2841 1427 2888; x_wconf 73' lang='lat' dir='ltr'>sectas</span> 
     </span>
     <span class='ocr_line' id='line_1_31' title="bbox 269 2920 1426 2990; baseline -0.003 -15"><span class='ocrx_word' id='word_1_303' title='bbox 269 2921 358 2974; x_wconf 85' lang='lat' dir='ltr'>reterri</span> <span class='ocrx_word' id='word_1_304' title='bbox 370 2925 501 2974; x_wconf 86' lang='lat' dir='ltr'>merentur</span> <span class='ocrx_word' id='word_1_305' title='bbox 514 2923 572 2975; x_wconf 81' lang='lat' dir='ltr'>libii</span> <span class='ocrx_word' id='word_1_306' title='bbox 583 2939 612 2974; x_wconf 90' lang='lat' dir='ltr'>ao</span> <span class='ocrx_word' id='word_1_307' title='bbox 625 2922 706 2990; x_wconf 74' lang='lat' dir='ltr'>Mysi,</span> <span class='ocrx_word' id='word_1_308' title='bbox 722 2937 800 2990; x_wconf 89' lang='lat' dir='ltr'>quam</span> <span class='ocrx_word' id='word_1_309' title='bbox 814 2937 904 2974; x_wconf 86' lang='lat' dir='ltr'>omnes</span> <span class='ocrx_word' id='word_1_310' title='bbox 917 2922 985 2974; x_wconf 89' lang='lat' dir='ltr'>orbis</span> <span class='ocrx_word' id='word_1_311' title='bbox 998 2923 1075 2974; x_wconf 89' lang='lat' dir='ltr'>totius</span> <span class='ocrx_word' id='word_1_312' title='bbox 1088 2921 1190 2990; x_wconf 92' lang='lat' dir='ltr'>populi,</span> <span class='ocrx_word' id='word_1_313' title='bbox 1208 2935 1319 2989; x_wconf 88' lang='lat' dir='ltr'>quorum</span> <span class='ocrx_word' id='word_1_314' title='bbox 1331 2920 1373 2972; x_wconf 81' lang='lat' dir='ltr'>rel</span> <span class='ocrx_word' id='word_1_315' title='bbox 1384 2920 1426 2972; x_wconf 80' lang='lat' dir='ltr'>ab</span> 
     </span>
     <span class='ocr_line' id='line_1_32' title="bbox 269 3006 1163 3076; baseline -0.002 -16"><span class='ocrx_word' id='word_1_316' title='bbox 269 3007 327 3060; x_wconf 87' lang='lat' dir='ltr'>soni</span> <span class='ocrx_word' id='word_1_317' title='bbox 339 3007 378 3058; x_wconf 82' lang='lat' dir='ltr'>rel</span> <span class='ocrx_word' id='word_1_318' title='bbox 392 3023 407 3058; x_wconf 88' lang='lat' dir='ltr'>a</span> <span class='ocrx_word' id='word_1_319' title='bbox 419 3008 525 3060; x_wconf 88' lang='lat' dir='ltr'>caeteris</span> <span class='ocrx_word' id='word_1_320' title='bbox 537 3007 711 3076; x_wconf 87' lang='lat' dir='ltr'>discrepautes</span> <span class='ocrx_word' id='word_1_321' title='bbox 724 3013 785 3070; x_wconf 86' lang='lat' dir='ltr'>sunt</span> <span class='ocrx_word' id='word_1_322' title='bbox 796 3008 859 3060; x_wconf 87' lang='lat' dir='ltr'>ritus</span> <span class='ocrx_word' id='word_1_323' title='bbox 872 3007 1041 3076; x_wconf 83' lang='lat' dir='ltr'>institutaque</span> <span class='ocrx_word' id='word_1_324' title='bbox 1053 3006 1163 3059; x_wconf 82' lang='lat' dir='ltr'>vivendi.</span> 
     </span>
    </p>

    <p class='ocr_par' dir='ltr' id='par_1_12' title="bbox 337 3088 1426 3160">
     <span class='ocr_line' id='line_1_33' title="bbox 337 3088 1426 3160; baseline 0.002 -18"><span class='ocrx_word' id='word_1_325' title='bbox 337 3088 436 3160; x_wconf 79' lang='grc' dir='ltr'>Ἕτεροι</span> <span class='ocrx_word' id='word_1_326' title='bbox 448 3091 474 3142; x_wconf 76' lang='grc' dir='ltr'>δὲ</span> <span class='ocrx_word' id='word_1_327' title='bbox 487 3093 612 3152; x_wconf 80' lang='grc' dir='ltr'>δοκοῦντες</span> <span class='ocrx_word' id='word_1_328' title='bbox 624 3092 801 3158; x_wconf 76' lang='grc' dir='ltr'>νεανιεύεσθαι]</span> <span class='ocrx_word' id='word_1_329' title='bbox 836 3093 873 3144; x_wconf 87' lang='lat' dir='ltr'>De</span> <span class='ocrx_word' id='word_1_330' title='bbox 885 3091 1020 3144; x_wconf 80' lang='lat' dir='ltr'>haereticis</span> <span class='ocrx_word' id='word_1_331' title='bbox 1038 3109 1097 3144; x_wconf 85' lang='lat' dir='ltr'>eum</span> <span class='ocrx_word' id='word_1_332' title='bbox 1110 3091 1219 3144; x_wconf 80' lang='lat' dir='ltr'>ecclesia</span> <span class='ocrx_word' id='word_1_333' title='bbox 1230 3091 1426 3144; x_wconf 78' lang='lat' dir='ltr'>reconciliandis</span> 
     </span>
    </p>
   </div>
   <div class='ocr_carea' id='block_1_5' title="bbox 186 3176 1425 3246">
    <p class='ocr_par' dir='ltr' id='par_1_13' title="bbox 186 3176 1425 3246">
     <span class='ocr_line' id='line_1_34' title="bbox 186 3176 1425 3246; baseline -0.001 -17"><span class='ocrx_word' id='word_1_334' title='bbox 186 3211 191 3223; x_wconf 84' lang='lat'><strong>·</strong></span> <span class='ocrx_word' id='word_1_335' title='bbox 239 3209 244 3222; x_wconf 88' lang='lat'><strong>·</strong></span> <span class='ocrx_word' id='word_1_336' title='bbox 270 3177 494 3230; x_wconf 86' lang='lat' dir='ltr'>uarleaconclliis</span> <span class='ocrx_word' id='word_1_337' title='bbox 511 3193 540 3228; x_wconf 85' lang='lat' dir='ltr'>ee</span> <span class='ocrx_word' id='word_1_338' title='bbox 556 3177 673 3245; x_wconf 85' lang='lat' dir='ltr'>patribus</span> <span class='ocrx_word' id='word_1_339' title='bbox 688 3177 885 3246; x_wconf 88' lang='lat' dir='ltr'>pronunciatum</span> <span class='ocrx_word' id='word_1_340' title='bbox 902 3178 1056 3246; x_wconf 87' lang='lat' dir='ltr'>accepimus.</span> <span class='ocrx_word' id='word_1_341' title='bbox 1091 3176 1156 3228; x_wconf 78' lang='lat' dir='ltr'>Nam</span> <span class='ocrx_word' id='word_1_342' title='bbox 1176 3177 1219 3245; x_wconf 89' lang='lat' dir='ltr'>qui</span> <span class='ocrx_word' id='word_1_343' title='bbox 1237 3176 1360 3246; x_wconf 87' lang='lat' dir='ltr'>baptismi</span> <span class='ocrx_word' id='word_1_344' title='bbox 1377 3176 1425 3229; x_wconf 84' lang='lat' dir='ltr'>ior·</span> 
     </span>
    </p>
   </div>
   <div class='ocr_carea' id='block_1_6' title="bbox 268 3261 1425 4610">
    <p class='ocr_par' dir='ltr' id='par_1_14' title="bbox 268 3261 1425 4610">
     <span class='ocr_line' id='line_1_35' title="bbox 271 3261 1425 3332; baseline -0.002 -16"><span class='ocrx_word' id='word_1_345' title='bbox 271 3279 354 3326; x_wconf 91' lang='lat' dir='ltr'>mam,</span> <span class='ocrx_word' id='word_1_346' title='bbox 368 3277 445 3330; x_wconf 87' lang='lat' dir='ltr'>quam</span> <span class='ocrx_word' id='word_1_347' title='bbox 459 3263 491 3312; x_wconf 93' lang='lat' dir='ltr'>ab</span> <span class='ocrx_word' id='word_1_348' title='bbox 503 3263 613 3314; x_wconf 87' lang='lat' dir='ltr'>ecelesia</span> <span class='ocrx_word' id='word_1_349' title='bbox 624 3261 751 3314; x_wconf 84' lang='lat' dir='ltr'>catholica</span> <span class='ocrx_word' id='word_1_350' title='bbox 763 3262 883 3315; x_wconf 83' lang='lat' dir='ltr'>traditam</span> <span class='ocrx_word' id='word_1_351' title='bbox 894 3267 1059 3332; x_wconf 87' lang='lat' dir='ltr'>acceperant,</span> <span class='ocrx_word' id='word_1_352' title='bbox 1076 3262 1204 3330; x_wconf 88' lang='lat' dir='ltr'>integram</span> <span class='ocrx_word' id='word_1_353' title='bbox 1216 3262 1367 3325; x_wconf 89' lang='lat' dir='ltr'>retinerent,</span> <span class='ocrx_word' id='word_1_354' title='bbox 1383 3261 1425 3314; x_wconf 90' lang='lat' dir='ltr'>ho·</span> 
     </span>
     <span class='ocr_line' id='line_1_36' title="bbox 271 3347 1425 3418; baseline -0.003 -17"><span class='ocrx_word' id='word_1_355' title='bbox 271 3365 329 3401; x_wconf 89' lang='lat' dir='ltr'>rum</span> <span class='ocrx_word' id='word_1_356' title='bbox 342 3348 486 3416; x_wconf 88' lang='lat' dir='ltr'>baptismus</span> <span class='ocrx_word' id='word_1_357' title='bbox 498 3364 544 3416; x_wconf 90' lang='lat' dir='ltr'>pro</span> <span class='ocrx_word' id='word_1_358' title='bbox 557 3364 616 3400; x_wconf 81' lang='lat' dir='ltr'>vero</span> <span class='ocrx_word' id='word_1_359' title='bbox 629 3348 662 3399; x_wconf 88' lang='lat' dir='ltr'>ab</span> <span class='ocrx_word' id='word_1_360' title='bbox 675 3348 784 3400; x_wconf 85' lang='lat' dir='ltr'>eeclesia</span> <span class='ocrx_word' id='word_1_361' title='bbox 795 3353 913 3416; x_wconf 85' lang='lat' dir='ltr'>receptus</span> <span class='ocrx_word' id='word_1_362' title='bbox 926 3353 977 3412; x_wconf 86' lang='lat' dir='ltr'>est;</span> <span class='ocrx_word' id='word_1_363' title='bbox 992 3363 1075 3418; x_wconf 86' lang='lat' dir='ltr'>neque</span> <span class='ocrx_word' id='word_1_364' title='bbox 1088 3348 1132 3416; x_wconf 90' lang='lat' dir='ltr'>qul</span> <span class='ocrx_word' id='word_1_365' title='bbox 1144 3347 1177 3398; x_wconf 90' lang='lat' dir='ltr'>ab</span> <span class='ocrx_word' id='word_1_366' title='bbox 1187 3347 1291 3399; x_wconf 88' lang='lat' dir='ltr'>illorum</span> <span class='ocrx_word' id='word_1_367' title='bbox 1305 3363 1385 3417; x_wconf 82' lang='lat' dir='ltr'>grege</span> <span class='ocrx_word' id='word_1_368' title='bbox 1395 3347 1425 3400; x_wconf 86' lang='lat' dir='ltr'>ad</span> 
     </span>
     <span class='ocr_line' id='line_1_37' title="bbox 272 3431 1425 3503; baseline -0.001 -19"><span class='ocrx_word' id='word_1_369' title='bbox 272 3433 480 3486; x_wconf 86' lang='lat' dir='ltr'>communionem</span> <span class='ocrx_word' id='word_1_370' title='bbox 492 3432 633 3486; x_wconf 89' lang='lat' dir='ltr'>catholicae</span> <span class='ocrx_word' id='word_1_371' title='bbox 645 3433 705 3484; x_wconf 88' lang='lat' dir='ltr'>lidei</span> <span class='ocrx_word' id='word_1_372' title='bbox 721 3437 908 3486; x_wconf 81' lang='lat' dir='ltr'>reverterentur</span> <span class='ocrx_word' id='word_1_373' title='bbox 923 3434 1007 3486; x_wconf 87' lang='lat' dir='ltr'>denuo</span> <span class='ocrx_word' id='word_1_374' title='bbox 1023 3433 1146 3503; x_wconf 86' lang='lat' dir='ltr'>baptisati</span> <span class='ocrx_word' id='word_1_375' title='bbox 1163 3437 1229 3486; x_wconf 91' lang='lat' dir='ltr'>sunt.</span> <span class='ocrx_word' id='word_1_376' title='bbox 1253 3431 1366 3496; x_wconf 81' lang='lat' dir='ltr'>Gestari,</span> <span class='ocrx_word' id='word_1_377' title='bbox 1383 3433 1425 3500; x_wconf 88' lang='lat' dir='ltr'>qui</span> 
     </span>
     <span class='ocr_line' id='line_1_38' title="bbox 271 3517 1424 3588; baseline -0.002 -18"><span class='ocrx_word' id='word_1_378' title='bbox 271 3519 393 3570; x_wconf 86' lang='lat' dir='ltr'>usitatam</span> <span class='ocrx_word' id='word_1_379' title='bbox 407 3519 440 3569; x_wconf 89' lang='lat' dir='ltr'>ab</span> <span class='ocrx_word' id='word_1_380' title='bbox 452 3519 561 3570; x_wconf 85' lang='lat' dir='ltr'>ecclesia</span> <span class='ocrx_word' id='word_1_381' title='bbox 571 3518 682 3570; x_wconf 79' lang='lat' dir='ltr'>formam</span> <span class='ocrx_word' id='word_1_382' title='bbox 694 3525 872 3588; x_wconf 87' lang='lat' dir='ltr'>corruperant,</span> <span class='ocrx_word' id='word_1_383' title='bbox 891 3535 936 3586; x_wconf 88' lang='lat' dir='ltr'>pro</span> <span class='ocrx_word' id='word_1_384' title='bbox 948 3517 1057 3570; x_wconf 86' lang='lat' dir='ltr'>ethnicis</span> <span class='ocrx_word' id='word_1_385' title='bbox 1068 3517 1149 3570; x_wconf 88' lang='lat' dir='ltr'>habiti</span> <span class='ocrx_word' id='word_1_386' title='bbox 1161 3523 1233 3580; x_wconf 90' lang='lat' dir='ltr'>sunt,</span> <span class='ocrx_word' id='word_1_387' title='bbox 1250 3533 1298 3569; x_wconf 89' lang='lat' dir='ltr'>neo</span> <span class='ocrx_word' id='word_1_388' title='bbox 1315 3517 1372 3569; x_wconf 90' lang='lat' dir='ltr'>sine</span> <span class='ocrx_word' id='word_1_389' title='bbox 1383 3517 1424 3569; x_wconf 87' lang='lat' dir='ltr'>ba·</span> 
     </span>
     <span class='ocr_line' id='line_1_39' title="bbox 271 3601 1424 3673; baseline -0.001 -18"><span class='ocrx_word' id='word_1_390' title='bbox 271 3604 379 3673; x_wconf 88' lang='lat' dir='ltr'>ptismo,</span> <span class='ocrx_word' id='word_1_391' title='bbox 392 3604 436 3670; x_wconf 89' lang='lat' dir='ltr'>qui</span> <span class='ocrx_word' id='word_1_392' title='bbox 448 3619 482 3654; x_wconf 84' lang='lat' dir='ltr'>ex</span> <span class='ocrx_word' id='word_1_393' title='bbox 493 3603 594 3655; x_wconf 90' lang='lat' dir='ltr'>illorum</span> <span class='ocrx_word' id='word_1_394' title='bbox 607 3604 722 3672; x_wconf 89' lang='lat' dir='ltr'>partibus</span> <span class='ocrx_word' id='word_1_395' title='bbox 735 3605 936 3672; x_wconf 81' lang='lat' dir='ltr'>transfugerant,</span> <span class='ocrx_word' id='word_1_396' title='bbox 947 3606 1014 3656; x_wconf 89' lang='lat' dir='ltr'>inter</span> <span class='ocrx_word' id='word_1_397' title='bbox 1026 3603 1165 3656; x_wconf 72' lang='lat' dir='ltr'>camolicos</span> <span class='ocrx_word' id='word_1_398' title='bbox 1177 3601 1292 3654; x_wconf 84' lang='lat' dir='ltr'>admissi.</span> <span class='ocrx_word' id='word_1_399' title='bbox 1313 3601 1353 3654; x_wconf 90' lang='lat' dir='ltr'>lta</span> <span class='ocrx_word' id='word_1_400' title='bbox 1364 3601 1424 3654; x_wconf 87' lang='lat' dir='ltr'>Pau·</span> 
     </span>
     <span class='ocr_line' id='line_1_40' title="bbox 270 3686 1424 3758; baseline -0.001 -18"><span class='ocrx_word' id='word_1_401' title='bbox 270 3689 396 3750; x_wconf 70' lang='lat' dir='ltr'>liniatus,</span> <span class='ocrx_word' id='word_1_402' title='bbox 409 3686 457 3740; x_wconf 90' lang='lat' dir='ltr'>hoo</span> <span class='ocrx_word' id='word_1_403' title='bbox 469 3695 508 3740; x_wconf 87' lang='lat' dir='ltr'>est</span> <span class='ocrx_word' id='word_1_404' title='bbox 519 3688 591 3740; x_wconf 85' lang='lat' dir='ltr'>Pauli</span> <span class='ocrx_word' id='word_1_405' title='bbox 601 3689 764 3740; x_wconf 81' lang='lat' dir='ltr'>Samosateni</span> <span class='ocrx_word' id='word_1_406' title='bbox 777 3688 921 3756; x_wconf 80' lang='grc' dir='ltr'>στασιώτας,</span> <span class='ocrx_word' id='word_1_407' title='bbox 933 3689 1086 3758; x_wconf 82' lang='lat' dir='ltr'>rebaptizari</span> <span class='ocrx_word' id='word_1_408' title='bbox 1094 3687 1206 3740; x_wconf 83' lang='lat' dir='ltr'>Nicaena</span> <span class='ocrx_word' id='word_1_409' title='bbox 1217 3686 1333 3754; x_wconf 75' lang='lat' dir='ltr'>synodus</span> <span class='ocrx_word' id='word_1_410' title='bbox 1344 3686 1424 3750; x_wconf 85' lang='lat' dir='ltr'>lussit,</span> 
     </span>
     <span class='ocr_line' id='line_1_41' title="bbox 271 3772 1423 3844; baseline -0.003 -18"><span class='ocrx_word' id='word_1_411' title='bbox 271 3774 333 3827; x_wconf 76' lang='lat' dir='ltr'>Oen,</span> <span class='ocrx_word' id='word_1_412' title='bbox 344 3791 406 3838; x_wconf 72' lang='lat' dir='ltr'>xrs,</span> <span class='ocrx_word' id='word_1_413' title='bbox 419 3773 486 3842; x_wconf 89' lang='lat' dir='ltr'>quod</span> <span class='ocrx_word' id='word_1_414' title='bbox 499 3780 525 3826; x_wconf 93' lang='lat' dir='ltr'>et</span> <span class='ocrx_word' id='word_1_415' title='bbox 536 3775 696 3844; x_wconf 80' lang='lat' dir='ltr'>Augustinus</span> <span class='ocrx_word' id='word_1_416' title='bbox 709 3772 777 3826; x_wconf 87' lang='lat' dir='ltr'>beer.</span> <span class='ocrx_word' id='word_1_417' title='bbox 790 3791 860 3827; x_wconf 83' lang='lat' dir='ltr'>rosv.</span> <span class='ocrx_word' id='word_1_418' title='bbox 873 3774 1004 3826; x_wconf 86' lang='lat' dir='ltr'>decretum</span> <span class='ocrx_word' id='word_1_419' title='bbox 1015 3773 1072 3824; x_wconf 87' lang='lat' dir='ltr'>ideo</span> <span class='ocrx_word' id='word_1_420' title='bbox 1085 3773 1168 3836; x_wconf 79' lang='lat' dir='ltr'>refert,</span> <span class='ocrx_word' id='word_1_421' title='bbox 1180 3775 1246 3841; x_wconf 78' lang='lat' dir='ltr'>prend</span> <span class='ocrx_word' id='word_1_422' title='bbox 1256 3775 1370 3839; x_wconf 77' lang='grc' dir='ltr'>νεριιῐιιιιι</span> <span class='ocrx_word' id='word_1_423' title='bbox 1382 3773 1423 3823; x_wconf 85' lang='lat' dir='ltr'>bo·</span> 
     </span>
     <span class='ocr_line' id='line_1_42' title="bbox 268 3858 1424 3929; baseline -0.003 -17"><span class='ocrx_word' id='word_1_424' title='bbox 268 3863 397 3929; x_wconf 68' lang='lat' dir='ltr'>ptisanario</span> <span class='ocrx_word' id='word_1_425' title='bbox 409 3879 457 3911; x_wconf 84' lang='grc' dir='ltr'>ιιοιι</span> <span class='ocrx_word' id='word_1_426' title='bbox 468 3868 585 3911; x_wconf 80' lang='lat' dir='ltr'>tenerent.</span> <span class='ocrx_word' id='word_1_427' title='bbox 609 3860 643 3910; x_wconf 82' lang='lat' dir='ltr'>nt</span> <span class='ocrx_word' id='word_1_428' title='bbox 654 3858 793 3922; x_wconf 86' lang='lat' dir='ltr'>Gatharos,</span> <span class='ocrx_word' id='word_1_429' title='bbox 809 3859 834 3911; x_wconf 91' lang='lat' dir='ltr'>id</span> <span class='ocrx_word' id='word_1_430' title='bbox 852 3867 891 3912; x_wconf 88' lang='lat' dir='ltr'>cet</span> <span class='ocrx_word' id='word_1_431' title='bbox 903 3859 1072 3923; x_wconf 82' lang='lat' dir='ltr'>Noratiauos,</span> <span class='ocrx_word' id='word_1_432' title='bbox 1088 3859 1178 3910; x_wconf 88' lang='lat' dir='ltr'>eadem</span> <span class='ocrx_word' id='word_1_433' title='bbox 1190 3859 1305 3926; x_wconf 82' lang='lat' dir='ltr'>synodus</span> <span class='ocrx_word' id='word_1_434' title='bbox 1316 3859 1424 3927; x_wconf 87' lang='lat' dir='ltr'>rebapti-</span> 
     </span>
     <span class='ocr_line' id='line_1_43' title="bbox 272 3943 1422 4013; baseline -0.003 -15"><span class='ocrx_word' id='word_1_435' title='bbox 272 3946 323 3998; x_wconf 84' lang='lat' dir='ltr'>aarl</span> <span class='ocrx_word' id='word_1_436' title='bbox 334 3961 387 3998; x_wconf 90' lang='lat' dir='ltr'>non</span> <span class='ocrx_word' id='word_1_437' title='bbox 400 3945 487 4008; x_wconf 87' lang='lat' dir='ltr'>iussit,</span> <span class='ocrx_word' id='word_1_438' title='bbox 505 3945 643 4008; x_wconf 48' lang='lat' dir='ltr'>uena-111,</span> <span class='ocrx_word' id='word_1_439' title='bbox 661 3943 706 3996; x_wconf 85' lang='lat' dir='ltr'>sed</span> <span class='ocrx_word' id='word_1_440' title='bbox 724 3945 826 3998; x_wconf 89' lang='lat' dir='ltr'>illorum</span> <span class='ocrx_word' id='word_1_441' title='bbox 842 3945 946 3997; x_wconf 88' lang='lat' dir='ltr'>elericos</span> <span class='ocrx_word' id='word_1_442' title='bbox 958 3943 1184 4013; x_wconf 73' lang='grc' dir='ltr'>χειροτεθυυριέναυς</span> <span class='ocrx_word' id='word_1_443' title='bbox 1195 3944 1222 3996; x_wconf 89' lang='lat' dir='ltr'>in</span> <span class='ocrx_word' id='word_1_444' title='bbox 1235 3945 1302 3995; x_wconf 87' lang='lat' dir='ltr'>ciero</span> <span class='ocrx_word' id='word_1_445' title='bbox 1314 3959 1422 3995; x_wconf 80' lang='lat' dir='ltr'>manere.</span> 
     </span>
     <span class='ocr_line' id='line_1_44' title="bbox 272 4027 1423 4100; baseline -0.003 -18"><span class='ocrx_word' id='word_1_446' title='bbox 272 4029 583 4100; x_wconf 70' lang='lat' dir='ltr'>constantinopolitanum</span> <span class='ocrx_word' id='word_1_447' title='bbox 594 4047 652 4082; x_wconf 83' lang='lat' dir='ltr'>raro</span> <span class='ocrx_word' id='word_1_448' title='bbox 661 4031 773 4099; x_wconf 88' lang='lat' dir='ltr'>primum</span> <span class='ocrx_word' id='word_1_449' title='bbox 785 4035 812 4082; x_wconf 88' lang='lat' dir='ltr'>et</span> <span class='ocrx_word' id='word_1_450' title='bbox 821 4030 1022 4082; x_wconf 76' lang='lat' dir='ltr'>oecumenicum</span> <span class='ocrx_word' id='word_1_451' title='bbox 1034 4028 1175 4081; x_wconf 88' lang='lat' dir='ltr'>secundum</span> <span class='ocrx_word' id='word_1_452' title='bbox 1185 4027 1300 4080; x_wconf 59' lang='lat' dir='ltr'>Cannu.</span> <span class='ocrx_word' id='word_1_453' title='bbox 1310 4028 1423 4089; x_wconf 81' lang='lat' dir='ltr'>Arianos,</span> 
     </span>
     <span class='ocr_line' id='line_1_45' title="bbox 272 4113 1423 4180; baseline -0.003 -15"><span class='ocrx_word' id='word_1_454' title='bbox 272 4115 483 4180; x_wconf 81' lang='lat' dir='ltr'>Macedonianos,</span> <span class='ocrx_word' id='word_1_455' title='bbox 501 4115 686 4178; x_wconf 83' lang='lat' dir='ltr'>Sabbatiauos,</span> <span class='ocrx_word' id='word_1_456' title='bbox 702 4115 874 4178; x_wconf 81' lang='lat' dir='ltr'>Novatienos,</span> <span class='ocrx_word' id='word_1_457' title='bbox 890 4113 1146 4178; x_wconf 76' lang='lat' dir='ltr'>QuartsdeolmauoS,</span> <span class='ocrx_word' id='word_1_458' title='bbox 1162 4115 1216 4166; x_wconf 82' lang='lat' dir='ltr'>sive</span> <span class='ocrx_word' id='word_1_459' title='bbox 1228 4113 1385 4175; x_wconf 82' lang='lat' dir='ltr'>Tetradltas,</span> <span class='ocrx_word' id='word_1_460' title='bbox 1400 4115 1423 4162; x_wconf 84' lang='lat' dir='ltr'>et</span> 
     </span>
     <span class='ocr_line' id='line_1_46' title="bbox 272 4196 1422 4270; baseline -0.003 -20"><span class='ocrx_word' id='word_1_461' title='bbox 272 4199 468 4266; x_wconf 77' lang='lat' dir='ltr'>Apollinaristas</span> <span class='ocrx_word' id='word_1_462' title='bbox 480 4201 629 4270; x_wconf 81' lang='lat' dir='ltr'>rebaptizari</span> <span class='ocrx_word' id='word_1_463' title='bbox 642 4205 725 4262; x_wconf 80' lang='lat' dir='ltr'>uetat,</span> <span class='ocrx_word' id='word_1_464' title='bbox 737 4200 912 4252; x_wconf 84' lang='lat' dir='ltr'>Eunomianos</span> <span class='ocrx_word' id='word_1_465' title='bbox 924 4201 1007 4261; x_wconf 90' lang='lat' dir='ltr'>iubet,</span> <span class='ocrx_word' id='word_1_466' title='bbox 1020 4199 1075 4260; x_wconf 70' lang='grc' dir='ltr'>τοὺς</span> <span class='ocrx_word' id='word_1_467' title='bbox 1088 4196 1119 4258; x_wconf 71' lang='lat' dir='ltr'>sic</span> <span class='ocrx_word' id='word_1_468' title='bbox 1132 4198 1186 4267; x_wconf 79' lang='lat' dir='ltr'>plen</span> <span class='ocrx_word' id='word_1_469' title='bbox 1199 4197 1330 4249; x_wconf 78' lang='grc' dir='ltr'>κατάδυσιν</span> <span class='ocrx_word' id='word_1_470' title='bbox 1343 4197 1422 4266; x_wconf 71' lang='grc' dir='ltr'>βαπτι-</span> 
     </span>
     <span class='ocr_line' id='line_1_47' title="bbox 273 4283 1422 4354; baseline 0 -22"><span class='ocrx_word' id='word_1_471' title='bbox 273 4283 395 4350; x_wconf 72' lang='grc' dir='ltr'>ζομένους.</span> <span class='ocrx_word' id='word_1_472' title='bbox 430 4285 505 4338; x_wconf 88' lang='lat' dir='ltr'>lubet</span> <span class='ocrx_word' id='word_1_473' title='bbox 521 4291 547 4338; x_wconf 87' lang='lat' dir='ltr'>et</span> <span class='ocrx_word' id='word_1_474' title='bbox 562 4286 746 4348; x_wconf 85' lang='lat' dir='ltr'>Montenistas,</span> <span class='ocrx_word' id='word_1_475' title='bbox 764 4286 819 4338; x_wconf 82' lang='lat' dir='ltr'>sire</span> <span class='ocrx_word' id='word_1_476' title='bbox 837 4283 1028 4354; x_wconf 77' lang='lat' dir='ltr'>cataphrygas,</span> <span class='ocrx_word' id='word_1_477' title='bbox 1046 4289 1073 4336; x_wconf 87' lang='lat' dir='ltr'>et</span> <span class='ocrx_word' id='word_1_478' title='bbox 1085 4283 1247 4338; x_wconf 85' lang='lat' dir='ltr'>Sabellianos</span> <span class='ocrx_word' id='word_1_479' title='bbox 1263 4289 1422 4351; x_wconf 86' lang='lat' dir='ltr'>caeterosque</span> 
     </span>
     <span class='ocr_line' id='line_1_48' title="bbox 272 4367 1419 4439; baseline -0.003 -17"><span class='ocrx_word' id='word_1_480' title='bbox 272 4385 362 4422; x_wconf 87' lang='lat' dir='ltr'>omnes</span> <span class='ocrx_word' id='word_1_481' title='bbox 373 4369 524 4422; x_wconf 84' lang='lat' dir='ltr'>haereticos.</span> <span class='ocrx_word' id='word_1_482' title='bbox 548 4370 585 4422; x_wconf 81' lang='lat' dir='ltr'>lle</span> <span class='ocrx_word' id='word_1_483' title='bbox 597 4369 803 4439; x_wconf 79' lang='lat' dir='ltr'>cataphrygibus</span> <span class='ocrx_word' id='word_1_484' title='bbox 820 4372 949 4423; x_wconf 89' lang='lat' dir='ltr'>consentit</span> <span class='ocrx_word' id='word_1_485' title='bbox 964 4375 989 4422; x_wconf 92' lang='lat' dir='ltr'>et</span> <span class='ocrx_word' id='word_1_486' title='bbox 1000 4369 1148 4422; x_wconf 82' lang='lat' dir='ltr'>Laodicena</span> <span class='ocrx_word' id='word_1_487' title='bbox 1164 4369 1278 4437; x_wconf 79' lang='lat' dir='ltr'>synodus</span> <span class='ocrx_word' id='word_1_488' title='bbox 1296 4367 1358 4421; x_wconf 82' lang='lat' dir='ltr'>Can.</span> <span class='ocrx_word' id='word_1_489' title='bbox 1368 4385 1419 4420; x_wconf 83' lang='lat' dir='ltr'>rm.</span> 
     </span>
     <span class='ocr_line' id='line_1_49' title="bbox 272 4454 1419 4524; baseline -0.003 -18"><span class='ocrx_word' id='word_1_490' title='bbox 272 4454 310 4507; x_wconf 89' lang='lat' dir='ltr'>De</span> <span class='ocrx_word' id='word_1_491' title='bbox 328 4455 430 4506; x_wconf 75' lang='lat' dir='ltr'>Ananis</span> <span class='ocrx_word' id='word_1_492' title='bbox 448 4471 507 4506; x_wconf 83' lang='lat' dir='ltr'>sero</span> <span class='ocrx_word' id='word_1_493' title='bbox 524 4455 663 4506; x_wconf 85' lang='lat' dir='ltr'>concilium</span> <span class='ocrx_word' id='word_1_494' title='bbox 682 4456 775 4506; x_wconf 83' lang='lat' dir='ltr'>Arelrt.</span> <span class='ocrx_word' id='word_1_495' title='bbox 788 4473 804 4507; x_wconf 92' lang='grc' dir='ltr'>ι.</span> <span class='ocrx_word' id='word_1_496' title='bbox 824 4456 861 4506; x_wconf 90' lang='lat' dir='ltr'>ita</span> <span class='ocrx_word' id='word_1_497' title='bbox 878 4456 978 4519; x_wconf 84' lang='lat' dir='ltr'>sanxit,</span> <span class='ocrx_word' id='word_1_498' title='bbox 997 4460 1026 4508; x_wconf 89' lang='lat' dir='ltr'>ut</span> <span class='ocrx_word' id='word_1_499' title='bbox 1041 4473 1072 4507; x_wconf 80' lang='lat' dir='ltr'>er.</span> <span class='ocrx_word' id='word_1_500' title='bbox 1086 4459 1120 4505; x_wconf 75' lang='lat' dir='ltr'>iis</span> <span class='ocrx_word' id='word_1_501' title='bbox 1137 4459 1179 4524; x_wconf 79' lang='lat' dir='ltr'>qui</span> <span class='ocrx_word' id='word_1_502' title='bbox 1191 4459 1302 4522; x_wconf 80' lang='lat' dir='ltr'>proprio</span> <span class='ocrx_word' id='word_1_503' title='bbox 1315 4455 1419 4521; x_wconf 74' lang='lat' dir='ltr'>lepesuo</span> 
     </span>
     <span class='ocr_line' id='line_1_50' title="bbox 271 4539 1419 4610; baseline -0.002 -18"><span class='ocrx_word' id='word_1_504' title='bbox 271 4547 381 4604; x_wconf 73' lang='lat' dir='ltr'>amatur,</span> <span class='ocrx_word' id='word_1_505' title='bbox 393 4541 473 4591; x_wconf 81' lang='lat' dir='ltr'>denno</span> <span class='ocrx_word' id='word_1_506' title='bbox 484 4540 655 4608; x_wconf 65' lang='lat' dir='ltr'>baptizentnrp</span> <span class='ocrx_word' id='word_1_507' title='bbox 666 4541 733 4610; x_wconf 83' lang='lat' dir='ltr'>qrrod</span> <span class='ocrx_word' id='word_1_508' title='bbox 742 4544 767 4592; x_wconf 80' lang='lat' dir='ltr'>ri</span> <span class='ocrx_word' id='word_1_509' title='bbox 776 4543 804 4592; x_wconf 84' lang='grc' dir='ltr'>ιἰι</span> <span class='ocrx_word' id='word_1_510' title='bbox 811 4548 890 4610; x_wconf 83' lang='lat' dir='ltr'>patre</span> <span class='ocrx_word' id='word_1_511' title='bbox 901 4541 987 4608; x_wconf 81' lang='lat' dir='ltr'>ctfils&#39;o</span> <span class='ocrx_word' id='word_1_512' title='bbox 1000 4549 1024 4592; x_wconf 84' lang='lat' dir='ltr'>et</span> <span class='ocrx_word' id='word_1_513' title='bbox 1033 4543 1126 4609; x_wconf 73' lang='lat' dir='ltr'>apsis-ita</span> <span class='ocrx_word' id='word_1_514' title='bbox 1137 4547 1225 4592; x_wconf 72' lang='lat' dir='ltr'>sonem</span> <span class='ocrx_word' id='word_1_515' title='bbox 1236 4539 1419 4609; x_wconf 68' lang='lat' dir='ltr'>baptizotifst·</span> 
     </span>
    </p>
   </div>
   <div class='ocr_carea' id='block_1_7' title="bbox 0 0 1556 5028">
    <p class='ocr_par' dir='ltr' id='par_1_15' title="bbox 0 0 1556 5028">
     <span class='ocr_line' id='line_1_51' title="bbox 0 0 1556 5028; baseline 0 0"><span class='ocrx_word' id='word_1_516' title='bbox 0 0 1556 5028; x_wconf 95' lang='lat' dir='ltr'> </span> 
     </span>
    </p>
   </div>
  </div>
 </body>
</html>
