<?xml version="1.0" encoding="UTF-8"?>
<!DOCTYPE html PUBLIC "-//W3C//DTD XHTML 1.0 Transitional//EN"
    "http://www.w3.org/TR/xhtml1/DTD/xhtml1-transitional.dtd">
<html xmlns="http://www.w3.org/1999/xhtml" xml:lang="en" lang="en">
 <head>
  <title>
</title>
<meta http-equiv="Content-Type" content="text/html;charset=utf-8" />
  <meta name='ocr-system' content='tesseract 3.04.00' />
  <meta name='ocr-capabilities' content='ocr_page ocr_carea ocr_par ocr_line ocrx_word'/>
</head>
<body>
  <div class='ocr_page' id='page_1' title='image "./corporishaerese05oehlgoog_0021.png"; bbox 0 0 3166 5044; ppageno 0'>
   <div class='ocr_carea' id='block_1_1' title="bbox 255 211 317 272">
    <p class='ocr_par' dir='ltr' id='par_1_1' title="bbox 255 211 317 272">
     <span class='ocr_line' id='line_1_1' title="bbox 255 211 317 272; baseline 0 0"><span class='ocrx_word' id='word_1_1' title='bbox 255 211 317 272; x_wconf 82' lang='lat' dir='ltr'>un</span> 
     </span>
    </p>
   </div>
   <div class='ocr_carea' id='block_1_2' title="bbox 198 367 1425 2666">
    <p class='ocr_par' dir='ltr' id='par_1_2' title="bbox 255 367 1420 612">
     <span class='ocr_line' id='line_1_2' title="bbox 256 367 1420 440; baseline -0.002 -16"><span class='ocrx_word' id='word_1_2' title='bbox 256 367 387 424; x_wconf 82' lang='lat' dir='ltr'>condihm</span> <span class='ocrx_word' id='word_1_3' title='bbox 398 369 504 440; x_wconf 79' lang='lat' dir='ltr'>Moyses</span> <span class='ocrx_word' id='word_1_4' title='bbox 516 367 638 424; x_wconf 84' lang='lat' dir='ltr'>affirmat.</span> <span class='ocrx_word' id='word_1_5' title='bbox 663 369 761 424; x_wconf 86' lang='lat' dir='ltr'>Verum</span> <span class='ocrx_word' id='word_1_6' title='bbox 771 368 854 424; x_wconf 78' lang='lat' dir='ltr'>esser</span> <span class='ocrx_word' id='word_1_7' title='bbox 867 367 962 424; x_wconf 87' lang='lat' dir='ltr'>Gener.</span> <span class='ocrx_word' id='word_1_8' title='bbox 974 387 1005 435; x_wconf 81' lang='lat' dir='ltr'>x,</span> <span class='ocrx_word' id='word_1_9' title='bbox 1022 385 1051 424; x_wconf 89' lang='lat' dir='ltr'>rr.</span> <span class='ocrx_word' id='word_1_10' title='bbox 1068 368 1155 440; x_wconf 79' lang='lat' dir='ltr'>gentis</span> <span class='ocrx_word' id='word_1_11' title='bbox 1167 383 1263 424; x_wconf 89' lang='lat' dir='ltr'>nomen</span> <span class='ocrx_word' id='word_1_12' title='bbox 1280 383 1350 434; x_wconf 72' lang='lat' dir='ltr'>mse,</span> <span class='ocrx_word' id='word_1_13' title='bbox 1366 383 1420 422; x_wconf 87' lang='lat' dir='ltr'>non</span> 
     </span>
     <span class='ocr_line' id='line_1_3' title="bbox 255 453 1419 526; baseline 0 -18"><span class='ocrx_word' id='word_1_14' title='bbox 255 455 304 508; x_wconf 84' lang='lat' dir='ltr'>riri</span> <span class='ocrx_word' id='word_1_15' title='bbox 314 455 449 526; x_wconf 87' lang='lat' dir='ltr'>proprium</span> <span class='ocrx_word' id='word_1_16' title='bbox 460 455 614 510; x_wconf 87' lang='lat' dir='ltr'>existimant</span> <span class='ocrx_word' id='word_1_17' title='bbox 624 455 682 520; x_wconf 77' lang='lat' dir='ltr'>alii3</span> <span class='ocrx_word' id='word_1_18' title='bbox 695 455 790 524; x_wconf 87' lang='lat' dir='ltr'>quihus</span> <span class='ocrx_word' id='word_1_19' title='bbox 803 455 912 510; x_wconf 79' lang='lat' dir='ltr'>libenter</span> <span class='ocrx_word' id='word_1_20' title='bbox 924 455 1128 525; x_wconf 77' lang='lat' dir='ltr'>subscripserim.</span> <span class='ocrx_word' id='word_1_21' title='bbox 1150 455 1202 509; x_wconf 86' lang='lat' dir='ltr'>Sed</span> <span class='ocrx_word' id='word_1_22' title='bbox 1213 455 1277 510; x_wconf 89' lang='lat' dir='ltr'>haec</span> <span class='ocrx_word' id='word_1_23' title='bbox 1288 453 1419 508; x_wconf 75' lang='lat' dir='ltr'>muralium</span> 
     </span>
     <span class='ocr_line' id='line_1_4' title="bbox 255 539 1367 612; baseline 0 -18"><span class='ocrx_word' id='word_1_24' title='bbox 255 555 286 594; x_wconf 85' lang='lat' dir='ltr'>ac</span> <span class='ocrx_word' id='word_1_25' title='bbox 298 539 526 610; x_wconf 75' lang='lat' dir='ltr'>chronologicarum</span> <span class='ocrx_word' id='word_1_26' title='bbox 538 542 649 612; x_wconf 79' lang='lat' dir='ltr'>paginas</span> <span class='ocrx_word' id='word_1_27' title='bbox 660 539 785 612; x_wconf 89' lang='lat' dir='ltr'>implent,</span> <span class='ocrx_word' id='word_1_28' title='bbox 797 557 845 594; x_wconf 89' lang='lat' dir='ltr'>nec</span> <span class='ocrx_word' id='word_1_29' title='bbox 858 547 919 594; x_wconf 91' lang='lat' dir='ltr'>sunt</span> <span class='ocrx_word' id='word_1_30' title='bbox 930 541 1047 611; x_wconf 89' lang='lat' dir='ltr'>pluribus</span> <span class='ocrx_word' id='word_1_31' title='bbox 1059 539 1108 594; x_wconf 89' lang='lat' dir='ltr'>hoa</span> <span class='ocrx_word' id='word_1_32' title='bbox 1120 541 1177 594; x_wconf 91' lang='lat' dir='ltr'>loco</span> <span class='ocrx_word' id='word_1_33' title='bbox 1190 539 1367 612; x_wconf 78' lang='lat' dir='ltr'>disceptanda.</span> 
     </span>
    </p>

    <p class='ocr_par' dir='ltr' id='par_1_3' title="bbox 323 623 1297 698">
     <span class='ocr_line' id='line_1_5' title="bbox 323 623 1297 698; baseline 0.001 -20"><span class='ocrx_word' id='word_1_34' title='bbox 323 626 419 678; x_wconf 80' lang='grc' dir='ltr'>Τούτου</span> <span class='ocrx_word' id='word_1_35' title='bbox 430 625 445 694; x_wconf 75' lang='grc' dir='ltr'><strong>ἦ</strong></span> <span class='ocrx_word' id='word_1_36' title='bbox 459 624 604 696; x_wconf 62' lang='lat' dir='ltr'>haerteicis</span> <span class='ocrx_word' id='word_1_37' title='bbox 617 624 716 698; x_wconf 70' lang='lat' dir='ltr'>&#39;09th</span> <span class='ocrx_word' id='word_1_38' title='bbox 732 625 781 680; x_wconf 88' lang='lat' dir='ltr'>Pro</span> <span class='ocrx_word' id='word_1_39' title='bbox 794 623 890 696; x_wconf 68' lang='lat' dir='ltr'>&#39;eppei</span> <span class='ocrx_word' id='word_1_40' title='bbox 902 645 963 681; x_wconf 83' lang='lat' dir='ltr'>uxr.</span> <span class='ocrx_word' id='word_1_41' title='bbox 982 624 1084 696; x_wconf 77' lang='grc' dir='ltr'>Ἀρχὰδ,</span> <span class='ocrx_word' id='word_1_42' title='bbox 1096 626 1207 680; x_wconf 83' lang='lat' dir='ltr'>Hebraei</span> <span class='ocrx_word' id='word_1_43' title='bbox 1219 631 1297 686; x_wconf 61' lang='lat' dir='ltr'>&#39;izit</span> 
     </span>
    </p>

    <p class='ocr_par' dir='ltr' id='par_1_4' title="bbox 215 710 1423 1980">
     <span class='ocr_line' id='line_1_6' title="bbox 323 710 1421 784; baseline 0 -20"><span class='ocrx_word' id='word_1_44' title='bbox 323 711 401 773; x_wconf 70' lang='lat' dir='ltr'>liutici</span> <span class='ocrx_word' id='word_1_45' title='bbox 414 710 440 764; x_wconf 78' lang='lat' dir='ltr'>ol</span> <span class='ocrx_word' id='word_1_46' title='bbox 452 711 492 764; x_wconf 74' lang='lat' dir='ltr'>rol</span> <span class='ocrx_word' id='word_1_47' title='bbox 503 710 547 779; x_wconf 75' lang='grc' dir='ltr'>τὴν</span> <span class='ocrx_word' id='word_1_48' title='bbox 558 710 663 782; x_wconf 66' lang='lat' dir='ltr'>Orphe]</span> <span class='ocrx_word' id='word_1_49' title='bbox 693 711 787 766; x_wconf 91' lang='lat' dir='ltr'>Nescio</span> <span class='ocrx_word' id='word_1_50' title='bbox 800 712 868 766; x_wconf 85' lang='lat' dir='ltr'>unde</span> <span class='ocrx_word' id='word_1_51' title='bbox 880 710 944 766; x_wconf 86' lang='lat' dir='ltr'>haec</span> <span class='ocrx_word' id='word_1_52' title='bbox 956 713 1106 784; x_wconf 73' lang='lat' dir='ltr'>expiscatus</span> <span class='ocrx_word' id='word_1_53' title='bbox 1118 712 1165 777; x_wconf 88' lang='lat' dir='ltr'>sit,</span> <span class='ocrx_word' id='word_1_54' title='bbox 1178 727 1244 782; x_wconf 83' lang='lat' dir='ltr'>quae</span> <span class='ocrx_word' id='word_1_55' title='bbox 1256 712 1284 764; x_wconf 91' lang='lat' dir='ltr'>in</span> <span class='ocrx_word' id='word_1_56' title='bbox 1296 710 1391 764; x_wconf 86' lang='lat' dir='ltr'>Genea.</span> <span class='ocrx_word' id='word_1_57' title='bbox 1403 727 1421 764; x_wconf 80' lang='lat' dir='ltr'>x</span> 
     </span>
     <span class='ocr_line' id='line_1_7' title="bbox 254 794 1421 868; baseline -0.003 -16"><span class='ocrx_word' id='word_1_58' title='bbox 254 797 299 852; x_wconf 87' lang='lat' dir='ltr'>iilo</span> <span class='ocrx_word' id='word_1_59' title='bbox 312 798 396 868; x_wconf 86' lang='lat' dir='ltr'>capite</span> <span class='ocrx_word' id='word_1_60' title='bbox 408 815 462 852; x_wconf 92' lang='lat' dir='ltr'>non</span> <span class='ocrx_word' id='word_1_61' title='bbox 472 797 604 868; x_wconf 81' lang='lat' dir='ltr'>leguntur.</span> <span class='ocrx_word' id='word_1_62' title='bbox 623 797 675 852; x_wconf 89' lang='lat' dir='ltr'>Ubi</span> <span class='ocrx_word' id='word_1_63' title='bbox 686 798 736 852; x_wconf 88' lang='lat' dir='ltr'>hoe</span> <span class='ocrx_word' id='word_1_64' title='bbox 748 797 877 852; x_wconf 85' lang='lat' dir='ltr'>duntaxat</span> <span class='ocrx_word' id='word_1_65' title='bbox 888 797 1009 852; x_wconf 89' lang='lat' dir='ltr'>habetur:</span> <span class='ocrx_word' id='word_1_66' title='bbox 1027 797 1186 867; x_wconf 88' lang='lat' dir='ltr'>Principium</span> <span class='ocrx_word' id='word_1_67' title='bbox 1194 797 1270 868; x_wconf 82' lang='lat' dir='ltr'>regni</span> <span class='ocrx_word' id='word_1_68' title='bbox 1278 794 1421 850; x_wconf 88' lang='lat' dir='ltr'>Nembroth</span> 
     </span>
     <span class='ocr_line' id='line_1_8' title="bbox 215 871 1421 956; baseline -0.002 -20"><span class='ocrx_word' id='word_1_69' title='bbox 215 871 227 894; x_wconf 80' lang='grc'><strong><em>’</em></strong></span> <span class='ocrx_word' id='word_1_70' title='bbox 253 882 336 936; x_wconf 82' lang='lat' dir='ltr'>tuisse</span> <span class='ocrx_word' id='word_1_71' title='bbox 348 882 518 953; x_wconf 74' lang='lat' dir='ltr'>Babylonem,</span> <span class='ocrx_word' id='word_1_72' title='bbox 530 882 572 934; x_wconf 76' lang='lat' dir='ltr'>sul</span> <span class='ocrx_word' id='word_1_73' title='bbox 583 881 670 956; x_wconf 65' lang='lat' dir='ltr'>&#39;⁰be</span> <span class='ocrx_word' id='word_1_74' title='bbox 682 883 722 938; x_wconf 76' lang='lat' dir='ltr'>acl</span> <span class='ocrx_word' id='word_1_75' title='bbox 732 881 835 954; x_wconf 79' lang='grc' dir='ltr'>Ἀρχὰδ,</span> <span class='ocrx_word' id='word_1_76' title='bbox 848 883 888 936; x_wconf 77' lang='lat' dir='ltr'>asi</span> <span class='ocrx_word' id='word_1_77' title='bbox 899 879 1012 948; x_wconf 71' lang='grc' dir='ltr'>Χαλὰννη</span> <span class='ocrx_word' id='word_1_78' title='bbox 1024 883 1052 936; x_wconf 91' lang='lat' dir='ltr'>in</span> <span class='ocrx_word' id='word_1_79' title='bbox 1063 889 1132 936; x_wconf 85' lang='lat' dir='ltr'>terra</span> <span class='ocrx_word' id='word_1_80' title='bbox 1143 882 1270 938; x_wconf 80' lang='lat' dir='ltr'>Sennaar.</span> <span class='ocrx_word' id='word_1_81' title='bbox 1288 881 1362 936; x_wconf 83' lang='lat' dir='ltr'>Unde</span> <span class='ocrx_word' id='word_1_82' title='bbox 1373 881 1421 934; x_wconf 84' lang='grc' dir='ltr'>Δι-</span> 
     </span>
     <span class='ocr_line' id='line_1_9' title="bbox 255 964 1421 1040; baseline -0.002 -18"><span class='ocrx_word' id='word_1_83' title='bbox 255 985 300 1022; x_wconf 88' lang='lat' dir='ltr'>sur</span> <span class='ocrx_word' id='word_1_84' title='bbox 312 985 433 1038; x_wconf 81' lang='lat' dir='ltr'>egressus</span> <span class='ocrx_word' id='word_1_85' title='bbox 452 967 601 1040; x_wconf 75' lang='grc' dir='ltr'>ᾠκοδόμησε</span> <span class='ocrx_word' id='word_1_86' title='bbox 618 968 660 1036; x_wconf 76' lang='grc' dir='ltr'>τὴν</span> <span class='ocrx_word' id='word_1_87' title='bbox 678 967 770 1038; x_wconf 68' lang='lat' dir='ltr'>Nasci,</span> <span class='ocrx_word' id='word_1_88' title='bbox 789 968 830 1020; x_wconf 76' lang='lat' dir='ltr'>aul</span> <span class='ocrx_word' id='word_1_89' title='bbox 847 967 890 1037; x_wconf 78' lang='grc' dir='ltr'>τὴν</span> <span class='ocrx_word' id='word_1_90' title='bbox 903 965 1024 1038; x_wconf 78' lang='grc' dir='ltr'>Ῥοωβὼθ</span> <span class='ocrx_word' id='word_1_91' title='bbox 1042 967 1123 1038; x_wconf 74' lang='grc' dir='ltr'><strong>πόλιν,</strong></span> <span class='ocrx_word' id='word_1_92' title='bbox 1141 967 1181 1021; x_wconf 75' lang='lat' dir='ltr'>uel</span> <span class='ocrx_word' id='word_1_93' title='bbox 1198 967 1241 1035; x_wconf 70' lang='lat' dir='ltr'>ule</span> <span class='ocrx_word' id='word_1_94' title='bbox 1252 964 1347 1021; x_wconf 66' lang='lat' dir='ltr'>leth.</span> <span class='ocrx_word' id='word_1_95' title='bbox 1371 966 1421 1020; x_wconf 84' lang='lat' dir='ltr'>Pro</span> 
     </span>
     <span class='ocr_line' id='line_1_10' title="bbox 255 1051 1423 1126; baseline -0.002 -20"><span class='ocrx_word' id='word_1_96' title='bbox 255 1051 376 1124; x_wconf 77' lang='grc' dir='ltr'><strong>Ῥοωβὼθ</strong></span> <span class='ocrx_word' id='word_1_97' title='bbox 386 1053 458 1106; x_wconf 81' lang='grc' dir='ltr'><strong>πόλιν</strong></span> <span class='ocrx_word' id='word_1_98' title='bbox 466 1055 592 1110; x_wconf 81' lang='lat' dir='ltr'>Hebraico</span> <span class='ocrx_word' id='word_1_99' title='bbox 601 1055 727 1126; x_wconf 87' lang='lat' dir='ltr'>scriptum</span> <span class='ocrx_word' id='word_1_100' title='bbox 736 1060 776 1108; x_wconf 88' lang='lat' dir='ltr'>est</span> <span class='ocrx_word' id='word_1_101' title='bbox 784 1061 841 1119; x_wconf 62' lang='lat' dir='ltr'>W</span> <span class='ocrx_word' id='word_1_102' title='bbox 851 1060 947 1118; x_wconf 59' lang='lat' dir='ltr'>zum,</span> <span class='ocrx_word' id='word_1_103' title='bbox 961 1054 1029 1124; x_wconf 92' lang='lat' dir='ltr'>quod</span> <span class='ocrx_word' id='word_1_104' title='bbox 1037 1055 1211 1124; x_wconf 80' lang='lat' dir='ltr'>Hieronymus</span> <span class='ocrx_word' id='word_1_105' title='bbox 1219 1055 1309 1108; x_wconf 76' lang='lat' dir='ltr'>uertit:</span> <span class='ocrx_word' id='word_1_106' title='bbox 1318 1054 1423 1123; x_wconf 81' lang='lat' dir='ltr'>plateas</span> 
     </span>
     <span class='ocr_line' id='line_1_11' title="bbox 256 1138 1423 1212; baseline -0.002 -20"><span class='ocrx_word' id='word_1_107' title='bbox 256 1143 380 1207; x_wconf 60' lang='lat' dir='ltr'>meltune,</span> <span class='ocrx_word' id='word_1_108' title='bbox 398 1147 425 1194; x_wconf 91' lang='lat' dir='ltr'>et</span> <span class='ocrx_word' id='word_1_109' title='bbox 441 1157 493 1212; x_wconf 91' lang='lat' dir='ltr'>quo</span> <span class='ocrx_word' id='word_1_110' title='bbox 511 1139 666 1211; x_wconf 79' lang='lat' dir='ltr'>appellativo</span> <span class='ocrx_word' id='word_1_111' title='bbox 687 1138 792 1206; x_wconf 89' lang='lat' dir='ltr'>habuit,</span> <span class='ocrx_word' id='word_1_112' title='bbox 810 1139 879 1210; x_wconf 90' lang='lat' dir='ltr'>quod</span> <span class='ocrx_word' id='word_1_113' title='bbox 893 1139 985 1194; x_wconf 86' lang='lat' dir='ltr'>Graeci</span> <span class='ocrx_word' id='word_1_114' title='bbox 1000 1139 1133 1210; x_wconf 86' lang='lat' dir='ltr'>proprium</span> <span class='ocrx_word' id='word_1_115' title='bbox 1149 1139 1273 1194; x_wconf 81' lang='lat' dir='ltr'>iecerunt.</span> <span class='ocrx_word' id='word_1_116' title='bbox 1297 1138 1423 1208; x_wconf 76' lang='lat' dir='ltr'>iutelligit</span> 
     </span>
     <span class='ocr_line' id='line_1_12' title="bbox 255 1223 1423 1298; baseline 0 -20"><span class='ocrx_word' id='word_1_117' title='bbox 255 1231 343 1280; x_wconf 89' lang='lat' dir='ltr'>autem</span> <span class='ocrx_word' id='word_1_118' title='bbox 354 1227 426 1280; x_wconf 88' lang='lat' dir='ltr'>urbis</span> <span class='ocrx_word' id='word_1_119' title='bbox 438 1223 544 1280; x_wconf 82' lang='lat' dir='ltr'>Ninives</span> <span class='ocrx_word' id='word_1_120' title='bbox 560 1227 675 1298; x_wconf 82' lang='lat' dir='ltr'>plateas,</span> <span class='ocrx_word' id='word_1_121' title='bbox 693 1241 759 1296; x_wconf 86' lang='lat' dir='ltr'>quas</span> <span class='ocrx_word' id='word_1_122' title='bbox 775 1224 859 1280; x_wconf 87' lang='lat' dir='ltr'>Ninus</span> <span class='ocrx_word' id='word_1_123' title='bbox 877 1226 1030 1280; x_wconf 71' lang='lat' dir='ltr'>exuuxerit.</span> <span class='ocrx_word' id='word_1_124' title='bbox 1058 1225 1096 1278; x_wconf 88' lang='lat' dir='ltr'>Do</span> <span class='ocrx_word' id='word_1_125' title='bbox 1107 1223 1253 1295; x_wconf 83' lang='lat' dir='ltr'>Epiphanio</span> <span class='ocrx_word' id='word_1_126' title='bbox 1265 1225 1327 1295; x_wconf 92' lang='lat' dir='ltr'>quid</span> <span class='ocrx_word' id='word_1_127' title='bbox 1338 1224 1423 1278; x_wconf 71' lang='lat' dir='ltr'>Neam</span> 
     </span>
     <span class='ocr_line' id='line_1_13' title="bbox 256 1309 1422 1386; baseline -0.001 -21"><span class='ocrx_word' id='word_1_128' title='bbox 256 1312 327 1367; x_wconf 86' lang='lat' dir='ltr'>alind</span> <span class='ocrx_word' id='word_1_129' title='bbox 339 1313 450 1366; x_wconf 87' lang='lat' dir='ltr'>occurrit</span> <span class='ocrx_word' id='word_1_130' title='bbox 460 1310 533 1377; x_wconf 87' lang='lat' dir='ltr'>nihil,</span> <span class='ocrx_word' id='word_1_131' title='bbox 544 1311 596 1366; x_wconf 89' lang='lat' dir='ltr'>nisi</span> <span class='ocrx_word' id='word_1_132' title='bbox 607 1328 686 1365; x_wconf 87' lang='lat' dir='ltr'>rocas</span> <span class='ocrx_word' id='word_1_133' title='bbox 696 1312 769 1376; x_wconf 86' lang='lat' dir='ltr'>istae,</span> <span class='ocrx_word' id='word_1_134' title='bbox 782 1309 867 1382; x_wconf 75' lang='grc' dir='ltr'><strong>Θειρὰς</strong></span> <span class='ocrx_word' id='word_1_135' title='bbox 879 1317 906 1364; x_wconf 90' lang='lat' dir='ltr'>et</span> <span class='ocrx_word' id='word_1_136' title='bbox 916 1309 1007 1380; x_wconf 79' lang='grc' dir='ltr'><strong>Θόβελ,</strong></span> <span class='ocrx_word' id='word_1_137' title='bbox 1019 1311 1134 1364; x_wconf 83' lang='lat' dir='ltr'>alienum</span> <span class='ocrx_word' id='word_1_138' title='bbox 1145 1311 1173 1364; x_wconf 90' lang='lat' dir='ltr'>in</span> <span class='ocrx_word' id='word_1_139' title='bbox 1184 1311 1271 1364; x_wconf 88' lang='lat' dir='ltr'>locum</span> <span class='ocrx_word' id='word_1_140' title='bbox 1283 1311 1422 1386; x_wconf 71' lang='lat' dir='ltr'>trandataa</span> 
     </span>
     <span class='ocr_line' id='line_1_14' title="bbox 255 1393 1423 1468; baseline -0.003 -18"><span class='ocrx_word' id='word_1_141' title='bbox 255 1413 321 1452; x_wconf 89' lang='lat' dir='ltr'>esse.</span> <span class='ocrx_word' id='word_1_142' title='bbox 338 1397 406 1452; x_wconf 89' lang='lat' dir='ltr'>Nam</span> <span class='ocrx_word' id='word_1_143' title='bbox 417 1395 510 1452; x_wconf 86' lang='lat' dir='ltr'>Thiras</span> <span class='ocrx_word' id='word_1_144' title='bbox 522 1403 548 1450; x_wconf 89' lang='lat' dir='ltr'>et</span> <span class='ocrx_word' id='word_1_145' title='bbox 558 1397 661 1452; x_wconf 81' lang='lat' dir='ltr'>Thubal</span> <span class='ocrx_word' id='word_1_146' title='bbox 672 1398 740 1450; x_wconf 89' lang='lat' dir='ltr'>inter</span> <span class='ocrx_word' id='word_1_147' title='bbox 751 1393 869 1468; x_wconf 88' lang='lat' dir='ltr'>laphethi</span> <span class='ocrx_word' id='word_1_148' title='bbox 880 1401 999 1466; x_wconf 85' lang='lat' dir='ltr'>posteros</span> <span class='ocrx_word' id='word_1_149' title='bbox 1011 1401 1181 1450; x_wconf 86' lang='lat' dir='ltr'>numerantur</span> <span class='ocrx_word' id='word_1_150' title='bbox 1192 1413 1260 1450; x_wconf 86' lang='lat' dir='ltr'>com.</span> <span class='ocrx_word' id='word_1_151' title='bbox 1270 1395 1294 1452; x_wconf 79' lang='lat'>2.</span> <span class='ocrx_word' id='word_1_152' title='bbox 1316 1395 1423 1460; x_wconf 75' lang='lat' dir='ltr'>Teneat,</span> 
     </span>
     <span class='ocr_line' id='line_1_15' title="bbox 256 1479 1423 1552; baseline -0.002 -16"><span class='ocrx_word' id='word_1_153' title='bbox 256 1493 280 1536; x_wconf 82' lang='lat' dir='ltr'>et</span> <span class='ocrx_word' id='word_1_154' title='bbox 290 1483 408 1552; x_wconf 81' lang='lat' dir='ltr'>Mosoolr,</span> <span class='ocrx_word' id='word_1_155' title='bbox 421 1493 445 1537; x_wconf 79' lang='lat' dir='ltr'>et</span> <span class='ocrx_word' id='word_1_156' title='bbox 460 1483 561 1536; x_wconf 70' lang='lat' dir='ltr'>rtem.</span> <span class='ocrx_word' id='word_1_157' title='bbox 589 1482 719 1537; x_wconf 78' lang='lat' dir='ltr'>Fortassis</span> <span class='ocrx_word' id='word_1_158' title='bbox 731 1483 802 1538; x_wconf 89' lang='lat' dir='ltr'>euim</span> <span class='ocrx_word' id='word_1_159' title='bbox 812 1497 873 1536; x_wconf 87' lang='lat' dir='ltr'>cum</span> <span class='ocrx_word' id='word_1_160' title='bbox 885 1482 997 1551; x_wconf 75' lang='lat' dir='ltr'>Regma,</span> <span class='ocrx_word' id='word_1_161' title='bbox 1010 1479 1157 1536; x_wconf 74' lang='lat' dir='ltr'>Sabata-che</span> <span class='ocrx_word' id='word_1_162' title='bbox 1167 1483 1328 1551; x_wconf 87' lang='lat' dir='ltr'>caeterisque</span> <span class='ocrx_word' id='word_1_163' title='bbox 1345 1497 1423 1552; x_wconf 89' lang='lat' dir='ltr'>ques·</span> 
     </span>
     <span class='ocr_line' id='line_1_16' title="bbox 255 1565 1422 1640; baseline 0 -20"><span class='ocrx_word' id='word_1_164' title='bbox 255 1568 316 1622; x_wconf 89' lang='lat' dir='ltr'>dam</span> <span class='ocrx_word' id='word_1_165' title='bbox 328 1569 392 1622; x_wconf 89' lang='lat' dir='ltr'>alios</span> <span class='ocrx_word' id='word_1_166' title='bbox 404 1569 535 1622; x_wconf 81' lang='lat' dir='ltr'>recensuit</span> <span class='ocrx_word' id='word_1_167' title='bbox 544 1567 718 1640; x_wconf 70' lang='lat' dir='ltr'>Epiphanius,</span> <span class='ocrx_word' id='word_1_168' title='bbox 731 1573 757 1622; x_wconf 90' lang='lat' dir='ltr'>et</span> <span class='ocrx_word' id='word_1_169' title='bbox 768 1569 835 1622; x_wconf 88' lang='lat' dir='ltr'>iuter</span> <span class='ocrx_word' id='word_1_170' title='bbox 846 1568 905 1622; x_wconf 89' lang='lat' dir='ltr'>illos</span> <span class='ocrx_word' id='word_1_171' title='bbox 918 1565 1020 1622; x_wconf 89' lang='lat' dir='ltr'>Thubal</span> <span class='ocrx_word' id='word_1_172' title='bbox 1032 1574 1057 1620; x_wconf 89' lang='lat' dir='ltr'>et</span> <span class='ocrx_word' id='word_1_173' title='bbox 1068 1565 1168 1622; x_wconf 77' lang='lat' dir='ltr'>Thines.</span> <span class='ocrx_word' id='word_1_174' title='bbox 1194 1567 1252 1622; x_wconf 93' lang='lat' dir='ltr'>Nisi</span> <span class='ocrx_word' id='word_1_175' title='bbox 1262 1565 1326 1620; x_wconf 88' lang='lat' dir='ltr'>haec</span> <span class='ocrx_word' id='word_1_176' title='bbox 1337 1567 1422 1620; x_wconf 84' lang='lat' dir='ltr'>oonia-</span> 
     </span>
     <span class='ocr_line' id='line_1_17' title="bbox 255 1650 1422 1726; baseline -0.001 -20"><span class='ocrx_word' id='word_1_177' title='bbox 255 1659 329 1708; x_wconf 88' lang='lat' dir='ltr'>ctura</span> <span class='ocrx_word' id='word_1_178' title='bbox 339 1655 449 1724; x_wconf 83' lang='lat' dir='ltr'>placeat,</span> <span class='ocrx_word' id='word_1_179' title='bbox 460 1671 508 1725; x_wconf 95' lang='lat' dir='ltr'>pro</span> <span class='ocrx_word' id='word_1_180' title='bbox 518 1650 612 1726; x_wconf 78' lang='grc' dir='ltr'><strong>Θειρὰς,</strong></span> <span class='ocrx_word' id='word_1_181' title='bbox 625 1661 652 1708; x_wconf 90' lang='lat' dir='ltr'>et</span> <span class='ocrx_word' id='word_1_182' title='bbox 660 1653 750 1723; x_wconf 77' lang='grc' dir='ltr'><strong>Θόβελ,</strong></span> <span class='ocrx_word' id='word_1_183' title='bbox 763 1670 793 1708; x_wconf 91' lang='lat' dir='ltr'>ao</span> <span class='ocrx_word' id='word_1_184' title='bbox 804 1653 885 1723; x_wconf 79' lang='grc' dir='ltr'><strong>Λόβος</strong></span> <span class='ocrx_word' id='word_1_185' title='bbox 896 1654 1002 1725; x_wconf 88' lang='lat' dir='ltr'>propria</span> <span class='ocrx_word' id='word_1_186' title='bbox 1012 1653 1116 1708; x_wconf 90' lang='lat' dir='ltr'>urbium</span> <span class='ocrx_word' id='word_1_187' title='bbox 1126 1653 1232 1708; x_wconf 86' lang='lat' dir='ltr'>illarum</span> <span class='ocrx_word' id='word_1_188' title='bbox 1243 1652 1352 1706; x_wconf 83' lang='lat' dir='ltr'>nomina</span> <span class='ocrx_word' id='word_1_189' title='bbox 1362 1652 1422 1706; x_wconf 87' lang='lat' dir='ltr'>eub-</span> 
     </span>
     <span class='ocr_line' id='line_1_18' title="bbox 254 1737 1422 1810; baseline -0.002 -18"><span class='ocrx_word' id='word_1_190' title='bbox 254 1739 387 1792; x_wconf 89' lang='lat' dir='ltr'>stituenda</span> <span class='ocrx_word' id='word_1_191' title='bbox 403 1745 476 1805; x_wconf 88' lang='lat' dir='ltr'>sunt,</span> <span class='ocrx_word' id='word_1_192' title='bbox 494 1756 560 1810; x_wconf 88' lang='lat' dir='ltr'>quas</span> <span class='ocrx_word' id='word_1_193' title='bbox 572 1741 654 1794; x_wconf 79' lang='lat' dir='ltr'>Assur</span> <span class='ocrx_word' id='word_1_194' title='bbox 670 1739 825 1794; x_wconf 84' lang='lat' dir='ltr'>aedificarit</span> <span class='ocrx_word' id='word_1_195' title='bbox 852 1739 935 1794; x_wconf 86' lang='lat' dir='ltr'>Gerte.</span> <span class='ocrx_word' id='word_1_196' title='bbox 944 1739 971 1792; x_wconf 92' lang='lat' dir='ltr'>in</span> <span class='ocrx_word' id='word_1_197' title='bbox 983 1739 1064 1810; x_wconf 81' lang='grc' dir='ltr'>Λόβος</span> <span class='ocrx_word' id='word_1_198' title='bbox 1076 1739 1217 1808; x_wconf 75' lang='lat' dir='ltr'>vestigium</span> <span class='ocrx_word' id='word_1_199' title='bbox 1232 1737 1363 1808; x_wconf 86' lang='lat' dir='ltr'>quoddam</span> <span class='ocrx_word' id='word_1_200' title='bbox 1378 1753 1422 1808; x_wconf 81' lang='lat' dir='ltr'>ap</span> 
     </span>
     <span class='ocr_line' id='line_1_19' title="bbox 254 1821 1423 1901; baseline -0.003 -21"><span class='ocrx_word' id='word_1_201' title='bbox 254 1831 331 1896; x_wconf 83' lang='lat' dir='ltr'>paret</span> <span class='ocrx_word' id='word_1_202' title='bbox 340 1826 460 1880; x_wconf 81' lang='lat' dir='ltr'>vocabuli</span> <span class='ocrx_word' id='word_1_203' title='bbox 472 1823 606 1894; x_wconf 80' lang='grc' dir='ltr'><strong>Ῥοωβὼθ,</strong></span> <span class='ocrx_word' id='word_1_204' title='bbox 621 1831 647 1878; x_wconf 89' lang='lat' dir='ltr'>et</span> <span class='ocrx_word' id='word_1_205' title='bbox 657 1826 685 1880; x_wconf 91' lang='lat' dir='ltr'>in</span> <span class='ocrx_word' id='word_1_206' title='bbox 696 1824 789 1878; x_wconf 79' lang='lat' dir='ltr'>Thines</span> <span class='ocrx_word' id='word_1_207' title='bbox 800 1825 872 1878; x_wconf 85' lang='lat' dir='ltr'>rocio</span> <span class='ocrx_word' id='word_1_208' title='bbox 885 1830 951 1890; x_wconf 60' lang='lat' dir='ltr'>W,</span> <span class='ocrx_word' id='word_1_209' title='bbox 962 1841 1029 1896; x_wconf 82' lang='lat' dir='ltr'>pnes</span> <span class='ocrx_word' id='word_1_210' title='bbox 1041 1825 1172 1879; x_wconf 81' lang='lat' dir='ltr'>civitatem</span> <span class='ocrx_word' id='word_1_211' title='bbox 1184 1823 1323 1901; x_wconf 79' lang='lat' dir='ltr'>siguificat.</span> <span class='ocrx_word' id='word_1_212' title='bbox 1349 1821 1423 1876; x_wconf 88' lang='lat' dir='ltr'>Unde</span> 
     </span>
     <span class='ocr_line' id='line_1_20' title="bbox 255 1908 841 1980; baseline 0.002 -16"><span class='ocrx_word' id='word_1_213' title='bbox 255 1911 293 1964; x_wconf 87' lang='lat' dir='ltr'>ita</span> <span class='ocrx_word' id='word_1_214' title='bbox 304 1911 439 1980; x_wconf 79' lang='lat' dir='ltr'>depravari</span> <span class='ocrx_word' id='word_1_215' title='bbox 449 1927 503 1964; x_wconf 81' lang='lat' dir='ltr'>vox</span> <span class='ocrx_word' id='word_1_216' title='bbox 514 1911 566 1964; x_wconf 86' lang='lat' dir='ltr'>ieta</span> <span class='ocrx_word' id='word_1_217' title='bbox 576 1911 661 1980; x_wconf 89' lang='lat' dir='ltr'>potnit</span> <span class='ocrx_word' id='word_1_218' title='bbox 672 1908 841 1979; x_wconf 76' lang='grc' dir='ltr'>Ῥοωβωθίρα.</span> 
     </span>
    </p>

    <p class='ocr_par' dir='ltr' id='par_1_5' title="bbox 198 1991 1425 2666">
     <span class='ocr_line' id='line_1_21' title="bbox 324 1991 1424 2066; baseline 0.003 -18"><span class='ocrx_word' id='word_1_219' title='bbox 324 1995 361 2048; x_wconf 82' lang='lat' dir='ltr'>Ob</span> <span class='ocrx_word' id='word_1_220' title='bbox 374 1995 439 2048; x_wconf 77' lang='grc' dir='ltr'>πολὺ</span> <span class='ocrx_word' id='word_1_221' title='bbox 452 1994 478 2048; x_wconf 78' lang='grc' dir='ltr'>δὲ</span> <span class='ocrx_word' id='word_1_222' title='bbox 490 1991 608 2061; x_wconf 73' lang='grc' dir='ltr'>ἀλλήλων</span> <span class='ocrx_word' id='word_1_223' title='bbox 620 1999 657 2066; x_wconf 81' lang='grc' dir='ltr'>τῷ</span> <span class='ocrx_word' id='word_1_224' title='bbox 669 1995 755 2065; x_wconf 79' lang='grc' dir='ltr'>χρόνῳ</span> <span class='ocrx_word' id='word_1_225' title='bbox 768 1994 939 2066; x_wconf 61' lang='lat' dir='ltr'>bucularum]</span> <span class='ocrx_word' id='word_1_226' title='bbox 966 1994 1165 2050; x_wconf 68' lang='lat' dir='ltr'>Bactrianorum</span> <span class='ocrx_word' id='word_1_227' title='bbox 1176 2011 1224 2048; x_wconf 87' lang='lat' dir='ltr'>rex</span> <span class='ocrx_word' id='word_1_228' title='bbox 1234 1995 1293 2060; x_wconf 86' lang='lat' dir='ltr'>ille,</span> <span class='ocrx_word' id='word_1_229' title='bbox 1311 2010 1424 2064; x_wconf 75' lang='lat' dir='ltr'>quocum</span> 
     </span>
     <span class='ocr_line' id='line_1_22' title="bbox 255 2079 1423 2151; baseline -0.002 -15"><span class='ocrx_word' id='word_1_230' title='bbox 255 2079 339 2136; x_wconf 85' lang='lat' dir='ltr'>Ninus</span> <span class='ocrx_word' id='word_1_231' title='bbox 351 2079 478 2136; x_wconf 85' lang='lat' dir='ltr'>conflixit.</span> <span class='ocrx_word' id='word_1_232' title='bbox 504 2079 632 2151; x_wconf 85' lang='lat' dir='ltr'>Oxyartes</span> <span class='ocrx_word' id='word_1_233' title='bbox 645 2097 661 2134; x_wconf 86' lang='lat' dir='ltr'>s</span> <span class='ocrx_word' id='word_1_234' title='bbox 672 2079 785 2134; x_wconf 90' lang='lat' dir='ltr'>Diodoro</span> <span class='ocrx_word' id='word_1_235' title='bbox 797 2085 916 2146; x_wconf 63' lang='lat' dir='ltr'>uocatum</span> <span class='ocrx_word' id='word_1_236' title='bbox 934 2096 951 2132; x_wconf 86' lang='lat' dir='ltr'>a</span> <span class='ocrx_word' id='word_1_237' title='bbox 961 2081 1076 2146; x_wconf 84' lang='lat' dir='ltr'>Iustino,</span> <span class='ocrx_word' id='word_1_238' title='bbox 1087 2081 1202 2134; x_wconf 81' lang='lat' dir='ltr'>hruobio</span> <span class='ocrx_word' id='word_1_239' title='bbox 1213 2097 1244 2134; x_wconf 87' lang='lat' dir='ltr'>ao</span> <span class='ocrx_word' id='word_1_240' title='bbox 1255 2081 1364 2134; x_wconf 88' lang='lat' dir='ltr'>caeteris</span> <span class='ocrx_word' id='word_1_241' title='bbox 1374 2079 1423 2134; x_wconf 82' lang='lat' dir='ltr'>Zo-</span> 
     </span>
     <span class='ocr_line' id='line_1_23' title="bbox 198 2165 1424 2236; baseline -0.003 -13"><span class='ocrx_word' id='word_1_242' title='bbox 198 2210 204 2223; x_wconf 90' lang='lat'>.</span> <span class='ocrx_word' id='word_1_243' title='bbox 224 2213 231 2226; x_wconf 94' lang='lat'>.</span> <span class='ocrx_word' id='word_1_244' title='bbox 255 2172 365 2222; x_wconf 86' lang='lat' dir='ltr'>roastee.</span> <span class='ocrx_word' id='word_1_245' title='bbox 388 2165 477 2236; x_wconf 85' lang='lat' dir='ltr'>Neque</span> <span class='ocrx_word' id='word_1_246' title='bbox 490 2165 611 2220; x_wconf 87' lang='lat' dir='ltr'>dissentit</span> <span class='ocrx_word' id='word_1_247' title='bbox 619 2165 733 2232; x_wconf 89' lang='lat' dir='ltr'>Plinius,</span> <span class='ocrx_word' id='word_1_248' title='bbox 749 2172 781 2218; x_wconf 90' lang='lat' dir='ltr'>ut</span> <span class='ocrx_word' id='word_1_249' title='bbox 797 2165 930 2235; x_wconf 71' lang='lat' dir='ltr'>scaligero</span> <span class='ocrx_word' id='word_1_250' title='bbox 942 2165 1050 2220; x_wconf 81' lang='lat' dir='ltr'>ridetur.</span> <span class='ocrx_word' id='word_1_251' title='bbox 1076 2165 1166 2236; x_wconf 88' lang='lat' dir='ltr'>Neque</span> <span class='ocrx_word' id='word_1_252' title='bbox 1178 2167 1250 2220; x_wconf 89' lang='lat' dir='ltr'>euim</span> <span class='ocrx_word' id='word_1_253' title='bbox 1260 2165 1424 2232; x_wconf 81' lang='lat' dir='ltr'>dubitatille,</span> 
     </span>
     <span class='ocr_line' id='line_1_24' title="bbox 256 2250 1424 2322; baseline 0 -18"><span class='ocrx_word' id='word_1_254' title='bbox 256 2253 323 2306; x_wconf 88' lang='lat' dir='ltr'>sitne</span> <span class='ocrx_word' id='word_1_255' title='bbox 341 2267 434 2322; x_wconf 78' lang='lat' dir='ltr'>magus</span> <span class='ocrx_word' id='word_1_256' title='bbox 451 2251 521 2306; x_wconf 90' lang='lat' dir='ltr'>idem</span> <span class='ocrx_word' id='word_1_257' title='bbox 532 2267 593 2306; x_wconf 87' lang='lat' dir='ltr'>cnm</span> <span class='ocrx_word' id='word_1_258' title='bbox 604 2267 666 2322; x_wconf 82' lang='lat' dir='ltr'>rege</span> <span class='ocrx_word' id='word_1_259' title='bbox 677 2250 829 2316; x_wconf 86' lang='lat' dir='ltr'>Bactriano,</span> <span class='ocrx_word' id='word_1_260' title='bbox 846 2251 892 2304; x_wconf 88' lang='lat' dir='ltr'>sed</span> <span class='ocrx_word' id='word_1_261' title='bbox 911 2256 998 2304; x_wconf 89' lang='lat' dir='ltr'>utrum</span> <span class='ocrx_word' id='word_1_262' title='bbox 1014 2268 1083 2306; x_wconf 89' lang='lat' dir='ltr'>unus</span> <span class='ocrx_word' id='word_1_263' title='bbox 1099 2251 1249 2316; x_wconf 73' lang='lat' dir='ltr'>Noluerit,</span> <span class='ocrx_word' id='word_1_264' title='bbox 1266 2268 1300 2305; x_wconf 82' lang='lat' dir='ltr'>an</span> <span class='ocrx_word' id='word_1_265' title='bbox 1316 2251 1424 2306; x_wconf 84' lang='lat' dir='ltr'>elalius</span> 
     </span>
     <span class='ocr_line' id='line_1_25' title="bbox 255 2336 1424 2408; baseline -0.002 -16"><span class='ocrx_word' id='word_1_266' title='bbox 255 2343 360 2408; x_wconf 60' lang='lat' dir='ltr'>metes,</span> <span class='ocrx_word' id='word_1_267' title='bbox 376 2337 447 2408; x_wconf 92' lang='lat' dir='ltr'>quod</span> <span class='ocrx_word' id='word_1_268' title='bbox 462 2336 584 2392; x_wconf 78' lang='lat' dir='ltr'>Sullanus</span> <span class='ocrx_word' id='word_1_269' title='bbox 602 2343 690 2390; x_wconf 70' lang='lat' dir='ltr'>noctu</span> <span class='ocrx_word' id='word_1_270' title='bbox 705 2341 775 2390; x_wconf 83' lang='lat' dir='ltr'>recte</span> <span class='ocrx_word' id='word_1_271' title='bbox 791 2338 819 2390; x_wconf 92' lang='lat' dir='ltr'>in</span> <span class='ocrx_word' id='word_1_272' title='bbox 831 2337 976 2390; x_wconf 79' lang='lat' dir='ltr'>Annalibus</span> <span class='ocrx_word' id='word_1_273' title='bbox 993 2337 1182 2390; x_wconf 80' lang='lat' dir='ltr'>animadvertit.</span> <span class='ocrx_word' id='word_1_274' title='bbox 1208 2337 1424 2391; x_wconf 70' lang='lat' dir='ltr'>vanissimus</span> 
     </span>
     <span class='ocr_line' id='line_1_26' title="bbox 256 2422 1424 2494; baseline -0.002 -16"><span class='ocrx_word' id='word_1_275' title='bbox 256 2439 350 2494; x_wconf 81' lang='lat' dir='ltr'>gerum</span> <span class='ocrx_word' id='word_1_276' title='bbox 361 2425 433 2476; x_wconf 87' lang='lat' dir='ltr'>natio</span> <span class='ocrx_word' id='word_1_277' title='bbox 445 2422 610 2476; x_wconf 73' lang='lat' dir='ltr'>zoroastrem</span> <span class='ocrx_word' id='word_1_278' title='bbox 621 2423 696 2478; x_wconf 90' lang='lat' dir='ltr'>illum</span> <span class='ocrx_word' id='word_1_279' title='bbox 708 2423 918 2492; x_wconf 88' lang='lat' dir='ltr'>antiquissimum</span> <span class='ocrx_word' id='word_1_280' title='bbox 934 2428 1021 2492; x_wconf 88' lang='lat' dir='ltr'>putat,</span> <span class='ocrx_word' id='word_1_281' title='bbox 1038 2427 1129 2493; x_wconf 84' lang='lat' dir='ltr'>utpote</span> <span class='ocrx_word' id='word_1_282' title='bbox 1145 2423 1190 2492; x_wconf 88' lang='lat' dir='ltr'>qni</span> <span class='ocrx_word' id='word_1_283' title='bbox 1201 2423 1343 2476; x_wconf 78' lang='lat' dir='ltr'>Troianum</span> <span class='ocrx_word' id='word_1_284' title='bbox 1355 2423 1424 2476; x_wconf 83' lang='lat' dir='ltr'>exci-</span> 
     </span>
     <span class='ocr_line' id='line_1_27' title="bbox 255 2505 1424 2579; baseline -0.003 -16"><span class='ocrx_word' id='word_1_285' title='bbox 255 2509 328 2564; x_wconf 88' lang='lat' dir='ltr'>dium</span> <span class='ocrx_word' id='word_1_286' title='bbox 337 2509 452 2579; x_wconf 90' lang='lat' dir='ltr'>quinque</span> <span class='ocrx_word' id='word_1_287' title='bbox 460 2525 589 2562; x_wconf 87' lang='lat' dir='ltr'>annorum</span> <span class='ocrx_word' id='word_1_288' title='bbox 598 2508 705 2562; x_wconf 89' lang='lat' dir='ltr'>milibus</span> <span class='ocrx_word' id='word_1_289' title='bbox 714 2508 890 2573; x_wconf 71' lang='lat' dir='ltr'>antecesserit,</span> <span class='ocrx_word' id='word_1_290' title='bbox 901 2514 932 2560; x_wconf 92' lang='lat' dir='ltr'>ut</span> <span class='ocrx_word' id='word_1_291' title='bbox 939 2507 1038 2562; x_wconf 81' lang='lat' dir='ltr'>Plinius</span> <span class='ocrx_word' id='word_1_292' title='bbox 1047 2515 1073 2561; x_wconf 90' lang='lat' dir='ltr'>et</span> <span class='ocrx_word' id='word_1_293' title='bbox 1081 2505 1209 2562; x_wconf 83' lang='lat' dir='ltr'>Plutarch.</span> <span class='ocrx_word' id='word_1_294' title='bbox 1222 2508 1307 2562; x_wconf 87' lang='lat' dir='ltr'>Tract</span> <span class='ocrx_word' id='word_1_295' title='bbox 1316 2508 1348 2560; x_wconf 91' lang='lat' dir='ltr'>de</span> <span class='ocrx_word' id='word_1_296' title='bbox 1357 2507 1424 2562; x_wconf 86' lang='lat' dir='ltr'>laide</span> 
     </span>
     <span class='ocr_line' id='line_1_28' title="bbox 256 2591 1425 2666; baseline -0.002 -18"><span class='ocrx_word' id='word_1_297' title='bbox 256 2600 393 2650; x_wconf 81' lang='lat' dir='ltr'>testentur.</span> <span class='ocrx_word' id='word_1_298' title='bbox 410 2594 487 2666; x_wconf 78' lang='lat' dir='ltr'>Apud</span> <span class='ocrx_word' id='word_1_299' title='bbox 497 2593 631 2648; x_wconf 82' lang='lat' dir='ltr'>Laertium</span> <span class='ocrx_word' id='word_1_300' title='bbox 641 2591 765 2648; x_wconf 77' lang='lat' dir='ltr'>Xanthus</span> <span class='ocrx_word' id='word_1_301' title='bbox 777 2593 875 2662; x_wconf 86' lang='lat' dir='ltr'>Lydius</span> <span class='ocrx_word' id='word_1_302' title='bbox 887 2595 1019 2648; x_wconf 83' lang='lat' dir='ltr'>sexcentis</span> <span class='ocrx_word' id='word_1_303' title='bbox 1031 2594 1160 2647; x_wconf 83' lang='lat' dir='ltr'>duntaxat</span> <span class='ocrx_word' id='word_1_304' title='bbox 1168 2594 1244 2648; x_wconf 88' lang='lat' dir='ltr'>aunis</span> <span class='ocrx_word' id='word_1_305' title='bbox 1255 2599 1315 2648; x_wconf 88' lang='lat' dir='ltr'>aute</span> <span class='ocrx_word' id='word_1_306' title='bbox 1327 2593 1425 2648; x_wconf 79' lang='lat' dir='ltr'>Xerxis</span> 
     </span>
    </p>
   </div>
   <div class='ocr_carea' id='block_1_3' title="bbox 257 2671 1544 2750">
    <p class='ocr_par' dir='ltr' id='par_1_6' title="bbox 257 2671 1544 2750">
     <span class='ocr_line' id='line_1_29' title="bbox 257 2671 1544 2750; baseline -0.001 -17"><span class='ocrx_word' id='word_1_307' title='bbox 257 2679 367 2749; x_wconf 77' lang='grc' dir='ltr'><strong>δίίιβασιν</strong></span> <span class='ocrx_word' id='word_1_308' title='bbox 385 2681 504 2736; x_wconf 82' lang='lat' dir='ltr'>extitisse</span> <span class='ocrx_word' id='word_1_309' title='bbox 521 2679 678 2739; x_wconf 79' lang='lat' dir='ltr'>Zoroastren</span> <span class='ocrx_word' id='word_1_310' title='bbox 695 2685 834 2734; x_wconf 82' lang='lat' dir='ltr'>asseverat</span> <span class='ocrx_word' id='word_1_311' title='bbox 870 2678 943 2734; x_wconf 89' lang='lat' dir='ltr'>Unde</span> <span class='ocrx_word' id='word_1_312' title='bbox 959 2680 1052 2734; x_wconf 87' lang='lat' dir='ltr'>merito</span> <span class='ocrx_word' id='word_1_313' title='bbox 1071 2679 1157 2750; x_wconf 86' lang='lat' dir='ltr'>plures</span> <span class='ocrx_word' id='word_1_314' title='bbox 1175 2678 1292 2732; x_wconf 90' lang='lat' dir='ltr'>eiusdem</span> <span class='ocrx_word' id='word_1_315' title='bbox 1311 2679 1425 2734; x_wconf 87' lang='lat' dir='ltr'>nominis</span> <span class='ocrx_word' id='word_1_316' title='bbox 1535 2671 1544 2690; x_wconf 70' lang='lat'>⁸</span> 
     </span>
    </p>
   </div>
   <div class='ocr_carea' id='block_1_4' title="bbox 255 2765 1426 4460">
    <p class='ocr_par' dir='ltr' id='par_1_7' title="bbox 255 2765 643 2837">
     <span class='ocr_line' id='line_1_30' title="bbox 255 2765 643 2837; baseline -0.008 -16"><span class='ocrx_word' id='word_1_317' title='bbox 255 2765 337 2821; x_wconf 80' lang='lat' dir='ltr'>tuisse</span> <span class='ocrx_word' id='word_1_318' title='bbox 355 2767 501 2837; x_wconf 85' lang='lat' dir='ltr'>suspicatur</span> <span class='ocrx_word' id='word_1_319' title='bbox 519 2765 643 2836; x_wconf 81' lang='lat' dir='ltr'>Scaliger.</span> 
     </span>
    </p>

    <p class='ocr_par' dir='ltr' id='par_1_8' title="bbox 255 2848 1426 4460">
     <span class='ocr_line' id='line_1_31' title="bbox 325 2848 1424 2924; baseline -0.001 -20"><span class='ocrx_word' id='word_1_320' title='bbox 325 2851 375 2904; x_wconf 78' lang='lat' dir='ltr'>The</span> <span class='ocrx_word' id='word_1_321' title='bbox 383 2850 480 2923; x_wconf 78' lang='grc' dir='ltr'><strong>Σεροῑιχ</strong></span> <span class='ocrx_word' id='word_1_322' title='bbox 488 2849 674 2924; x_wconf 74' lang='lat' dir='ltr'>lppsvrudpsros</span> <span class='ocrx_word' id='word_1_323' title='bbox 686 2848 833 2921; x_wconf 68' lang='lat' dir='ltr'>tpsdrop&#39;ov]</span> <span class='ocrx_word' id='word_1_324' title='bbox 851 2850 944 2906; x_wconf 87' lang='lat' dir='ltr'>Variae</span> <span class='ocrx_word' id='word_1_325' title='bbox 957 2855 1019 2904; x_wconf 86' lang='lat' dir='ltr'>suut</span> <span class='ocrx_word' id='word_1_326' title='bbox 1030 2850 1099 2921; x_wconf 85' lang='lat' dir='ltr'>apud</span> <span class='ocrx_word' id='word_1_327' title='bbox 1109 2848 1285 2921; x_wconf 79' lang='lat' dir='ltr'>Epiphaniam</span> <span class='ocrx_word' id='word_1_328' title='bbox 1294 2850 1424 2906; x_wconf 84' lang='lat' dir='ltr'>Hebraeo·</span> 
     </span>
     <span class='ocr_line' id='line_1_32' title="bbox 255 2933 1423 3007; baseline -0.002 -15"><span class='ocrx_word' id='word_1_329' title='bbox 255 2953 315 2992; x_wconf 83' lang='lat' dir='ltr'>rum</span> <span class='ocrx_word' id='word_1_330' title='bbox 326 2937 463 2991; x_wconf 85' lang='lat' dir='ltr'>nominum</span> <span class='ocrx_word' id='word_1_331' title='bbox 474 2937 590 3007; x_wconf 81' lang='lat' dir='ltr'>origines</span> <span class='ocrx_word' id='word_1_332' title='bbox 601 2943 627 2990; x_wconf 89' lang='lat' dir='ltr'>et</span> <span class='ocrx_word' id='word_1_333' title='bbox 637 2933 863 3007; x_wconf 82' lang='lat' dir='ltr'>interpretationes</span> <span class='ocrx_word' id='word_1_334' title='bbox 876 2937 971 3007; x_wconf 87' lang='lat' dir='ltr'>partius</span> <span class='ocrx_word' id='word_1_335' title='bbox 983 2935 1120 3000; x_wconf 86' lang='lat' dir='ltr'>obscurae,</span> <span class='ocrx_word' id='word_1_336' title='bbox 1131 2937 1227 3006; x_wconf 87' lang='lat' dir='ltr'>partim</span> <span class='ocrx_word' id='word_1_337' title='bbox 1237 2935 1423 2990; x_wconf 73' lang='lat' dir='ltr'>substautias.</span> 
     </span>
     <span class='ocr_line' id='line_1_33' title="bbox 256 3019 1425 3094; baseline -0.003 -16"><span class='ocrx_word' id='word_1_338' title='bbox 256 3023 341 3078; x_wconf 80' lang='lat' dir='ltr'>Multa</span> <span class='ocrx_word' id='word_1_339' title='bbox 356 3023 427 3076; x_wconf 89' lang='lat' dir='ltr'>enim</span> <span class='ocrx_word' id='word_1_340' title='bbox 438 3023 479 3076; x_wconf 84' lang='lat' dir='ltr'>rel</span> <span class='ocrx_word' id='word_1_341' title='bbox 496 3022 678 3076; x_wconf 83' lang='lat' dir='ltr'>eruditissimis</span> <span class='ocrx_word' id='word_1_342' title='bbox 694 3039 741 3092; x_wconf 90' lang='lat' dir='ltr'>per</span> <span class='ocrx_word' id='word_1_343' title='bbox 752 3022 954 3094; x_wconf 85' lang='lat' dir='ltr'>imprudentiam</span> <span class='ocrx_word' id='word_1_344' title='bbox 966 3021 1097 3076; x_wconf 84' lang='lat' dir='ltr'>excidunt</span> <span class='ocrx_word' id='word_1_345' title='bbox 1124 3019 1215 3091; x_wconf 86' lang='lat' dir='ltr'>Neque</span> <span class='ocrx_word' id='word_1_346' title='bbox 1226 3025 1364 3092; x_wconf 87' lang='lat' dir='ltr'>propterea</span> <span class='ocrx_word' id='word_1_347' title='bbox 1374 3021 1425 3075; x_wconf 84' lang='lat' dir='ltr'>He·</span> 
     </span>
     <span class='ocr_line' id='line_1_34' title="bbox 257 3105 1424 3178; baseline 0 -18"><span class='ocrx_word' id='word_1_348' title='bbox 257 3107 364 3161; x_wconf 85' lang='lat' dir='ltr'>braismi</span> <span class='ocrx_word' id='word_1_349' title='bbox 374 3107 426 3162; x_wconf 83' lang='lat' dir='ltr'>tuit</span> <span class='ocrx_word' id='word_1_350' title='bbox 435 3108 571 3177; x_wconf 87' lang='lat' dir='ltr'>imperitus</span> <span class='ocrx_word' id='word_1_351' title='bbox 579 3105 749 3177; x_wconf 77' lang='lat' dir='ltr'>Epiphanius,</span> <span class='ocrx_word' id='word_1_352' title='bbox 761 3125 839 3178; x_wconf 92' lang='lat' dir='ltr'>quem</span> <span class='ocrx_word' id='word_1_353' title='bbox 850 3107 973 3172; x_wconf 85' lang='lat' dir='ltr'>Graecae,</span> <span class='ocrx_word' id='word_1_354' title='bbox 986 3107 1076 3176; x_wconf 86' lang='lat' dir='ltr'>Syrae,</span> <span class='ocrx_word' id='word_1_355' title='bbox 1088 3107 1229 3171; x_wconf 81' lang='lat' dir='ltr'>Hebraeae,</span> <span class='ocrx_word' id='word_1_356' title='bbox 1240 3107 1424 3178; x_wconf 75' lang='lat' dir='ltr'>Aegyptiacae,</span> 
     </span>
     <span class='ocr_line' id='line_1_35' title="bbox 257 3191 1426 3263; baseline 0 -17"><span class='ocrx_word' id='word_1_357' title='bbox 257 3199 284 3246; x_wconf 88' lang='lat' dir='ltr'>et</span> <span class='ocrx_word' id='word_1_358' title='bbox 300 3209 334 3246; x_wconf 84' lang='lat' dir='ltr'>ex</span> <span class='ocrx_word' id='word_1_359' title='bbox 350 3197 424 3262; x_wconf 87' lang='lat' dir='ltr'>parte</span> <span class='ocrx_word' id='word_1_360' title='bbox 440 3191 549 3246; x_wconf 74' lang='lat' dir='ltr'>hednae</span> <span class='ocrx_word' id='word_1_361' title='bbox 565 3192 672 3262; x_wconf 78' lang='lat' dir='ltr'>hugues</span> <span class='ocrx_word' id='word_1_362' title='bbox 690 3193 816 3247; x_wconf 85' lang='lat' dir='ltr'>scientem</span> <span class='ocrx_word' id='word_1_363' title='bbox 832 3193 913 3248; x_wconf 85' lang='lat' dir='ltr'>inisse</span> <span class='ocrx_word' id='word_1_364' title='bbox 931 3192 1068 3246; x_wconf 82' lang='lat' dir='ltr'>confirmat</span> <span class='ocrx_word' id='word_1_365' title='bbox 1078 3192 1184 3247; x_wconf 87' lang='lat' dir='ltr'>Hieron.</span> <span class='ocrx_word' id='word_1_366' title='bbox 1199 3193 1275 3263; x_wconf 85' lang='lat' dir='ltr'>Apol</span> <span class='ocrx_word' id='word_1_367' title='bbox 1289 3210 1317 3248; x_wconf 88' lang='lat' dir='ltr'>rr.</span> <span class='ocrx_word' id='word_1_368' title='bbox 1335 3197 1426 3246; x_wconf 83' lang='lat' dir='ltr'>contra</span> 
     </span>
     <span class='ocr_line' id='line_1_36' title="bbox 256 3275 1425 3348; baseline 0.003 -18"><span class='ocrx_word' id='word_1_369' title='bbox 256 3275 339 3342; x_wconf 73' lang='lat' dir='ltr'>Ruti,</span> <span class='ocrx_word' id='word_1_370' title='bbox 355 3293 434 3348; x_wconf 90' lang='lat' dir='ltr'>quem</span> <span class='ocrx_word' id='word_1_371' title='bbox 451 3283 543 3347; x_wconf 80' lang='lat' dir='ltr'>argute</span> <span class='ocrx_word' id='word_1_372' title='bbox 559 3277 703 3347; x_wconf 82' lang='lat' dir='ltr'>bilinguem</span> <span class='ocrx_word' id='word_1_373' title='bbox 720 3279 850 3342; x_wconf 83' lang='lat' dir='ltr'>nominat,</span> <span class='ocrx_word' id='word_1_374' title='bbox 868 3278 938 3348; x_wconf 91' lang='lat' dir='ltr'>quod</span> <span class='ocrx_word' id='word_1_375' title='bbox 956 3277 1054 3332; x_wconf 86' lang='lat' dir='ltr'>Graece</span> <span class='ocrx_word' id='word_1_376' title='bbox 1065 3275 1208 3346; x_wconf 86' lang='lat' dir='ltr'>Latineque</span> <span class='ocrx_word' id='word_1_377' title='bbox 1223 3283 1321 3333; x_wconf 83' lang='lat' dir='ltr'>nosset</span> <span class='ocrx_word' id='word_1_378' title='bbox 1356 3276 1425 3332; x_wconf 83' lang='lat' dir='ltr'>luter</span> 
     </span>
     <span class='ocr_line' id='line_1_37' title="bbox 256 3360 1425 3434; baseline 0.002 -18"><span class='ocrx_word' id='word_1_379' title='bbox 256 3363 337 3416; x_wconf 82' lang='lat' dir='ltr'>falses</span> <span class='ocrx_word' id='word_1_380' title='bbox 353 3363 542 3434; x_wconf 81' lang='lat' dir='ltr'>originationcs</span> <span class='ocrx_word' id='word_1_381' title='bbox 559 3360 623 3416; x_wconf 85' lang='lat' dir='ltr'>haec</span> <span class='ocrx_word' id='word_1_382' title='bbox 640 3363 698 3433; x_wconf 88' lang='lat' dir='ltr'>ipsa</span> <span class='ocrx_word' id='word_1_383' title='bbox 709 3365 830 3420; x_wconf 78' lang='lat' dir='ltr'>vocabuli</span> <span class='ocrx_word' id='word_1_384' title='bbox 842 3363 927 3433; x_wconf 81' lang='lat' dir='ltr'>Serug</span> <span class='ocrx_word' id='word_1_385' title='bbox 939 3363 1115 3432; x_wconf 82' lang='lat' dir='ltr'>interpretatio</span> <span class='ocrx_word' id='word_1_386' title='bbox 1128 3379 1145 3415; x_wconf 89' lang='lat' dir='ltr'>a</span> <span class='ocrx_word' id='word_1_387' title='bbox 1156 3362 1300 3416; x_wconf 68' lang='lat' dir='ltr'>Oduuhta</span> <span class='ocrx_word' id='word_1_388' title='bbox 1310 3363 1425 3433; x_wconf 83' lang='lat' dir='ltr'>quodam</span> 
     </span>
     <span class='ocr_line' id='line_1_38' title="bbox 257 3435 1425 3520; baseline 0 -18"><span class='ocrx_word' id='word_1_389' title='bbox 257 3448 386 3519; x_wconf 82' lang='lat' dir='ltr'>protertur</span> <span class='ocrx_word' id='word_1_390' title='bbox 397 3465 458 3502; x_wconf 87' lang='lat' dir='ltr'>curn</span> <span class='ocrx_word' id='word_1_391' title='bbox 470 3447 571 3518; x_wconf 86' lang='lat' dir='ltr'>aliquot</span> <span class='ocrx_word' id='word_1_392' title='bbox 586 3449 656 3514; x_wconf 83' lang='lat' dir='ltr'>aliis;</span> <span class='ocrx_word' id='word_1_393' title='bbox 672 3455 703 3502; x_wconf 89' lang='lat' dir='ltr'>ut</span> <span class='ocrx_word' id='word_1_394' title='bbox 720 3466 780 3503; x_wconf 91' lang='lat' dir='ltr'>cum</span> <span class='ocrx_word' id='word_1_395' title='bbox 796 3435 912 3504; x_wconf 81' lang='lat' dir='ltr'>caeteros</span> <span class='ocrx_word' id='word_1_396' title='bbox 922 3447 1012 3501; x_wconf 84' lang='lat' dir='ltr'>Patres</span> <span class='ocrx_word' id='word_1_397' title='bbox 1025 3449 1119 3502; x_wconf 90' lang='lat' dir='ltr'>erroris</span> <span class='ocrx_word' id='word_1_398' title='bbox 1130 3446 1200 3502; x_wconf 88' lang='lat' dir='ltr'>haud</span> <span class='ocrx_word' id='word_1_399' title='bbox 1212 3455 1333 3520; x_wconf 83' lang='lat' dir='ltr'>expertes</span> <span class='ocrx_word' id='word_1_400' title='bbox 1344 3449 1425 3502; x_wconf 82' lang='lat' dir='ltr'>tuisse</span> 
     </span>
     <span class='ocr_line' id='line_1_39' title="bbox 257 3533 1425 3606; baseline 0 -18"><span class='ocrx_word' id='word_1_401' title='bbox 257 3533 375 3604; x_wconf 83' lang='lat' dir='ltr'>colligat,</span> <span class='ocrx_word' id='word_1_402' title='bbox 387 3538 444 3586; x_wconf 90' lang='lat' dir='ltr'>tum</span> <span class='ocrx_word' id='word_1_403' title='bbox 456 3534 496 3588; x_wconf 86' lang='lat' dir='ltr'>vel</span> <span class='ocrx_word' id='word_1_404' title='bbox 508 3534 635 3604; x_wconf 85' lang='lat' dir='ltr'>imprimis</span> <span class='ocrx_word' id='word_1_405' title='bbox 647 3533 822 3606; x_wconf 80' lang='lat' dir='ltr'>Epiphaninm</span> <span class='ocrx_word' id='word_1_406' title='bbox 834 3535 861 3589; x_wconf 93' lang='lat' dir='ltr'>in</span> <span class='ocrx_word' id='word_1_407' title='bbox 873 3533 1033 3604; x_wconf 83' lang='lat' dir='ltr'>explicandis</span> <span class='ocrx_word' id='word_1_408' title='bbox 1044 3533 1194 3588; x_wconf 87' lang='lat' dir='ltr'>nominibus</span> <span class='ocrx_word' id='word_1_409' title='bbox 1206 3533 1348 3588; x_wconf 90' lang='lat' dir='ltr'>aberrasse.</span> <span class='ocrx_word' id='word_1_410' title='bbox 1370 3533 1425 3588; x_wconf 90' lang='lat' dir='ltr'>Nos</span> 
     </span>
     <span class='ocr_line' id='line_1_40' title="bbox 258 3617 1426 3692; baseline 0.003 -21"><span class='ocrx_word' id='word_1_411' title='bbox 258 3619 288 3671; x_wconf 90' lang='lat' dir='ltr'>de</span> <span class='ocrx_word' id='word_1_412' title='bbox 300 3619 419 3689; x_wconf 86' lang='lat' dir='ltr'>reliquie,</span> <span class='ocrx_word' id='word_1_413' title='bbox 437 3635 503 3690; x_wconf 83' lang='lat' dir='ltr'>qnae</span> <span class='ocrx_word' id='word_1_414' title='bbox 514 3619 542 3674; x_wconf 93' lang='lat' dir='ltr'>in</span> <span class='ocrx_word' id='word_1_415' title='bbox 554 3617 603 3674; x_wconf 91' lang='lat' dir='ltr'>hoc</span> <span class='ocrx_word' id='word_1_416' title='bbox 614 3621 739 3692; x_wconf 87' lang='lat' dir='ltr'>scriptore</span> <span class='ocrx_word' id='word_1_417' title='bbox 750 3626 838 3684; x_wconf 86' lang='lat' dir='ltr'>notat,</span> <span class='ocrx_word' id='word_1_418' title='bbox 856 3620 967 3690; x_wconf 76' lang='lat' dir='ltr'>sparsim</span> <span class='ocrx_word' id='word_1_419' title='bbox 985 3633 1016 3672; x_wconf 82' lang='lat' dir='ltr'>ac</span> <span class='ocrx_word' id='word_1_420' title='bbox 1033 3635 1081 3674; x_wconf 88' lang='lat' dir='ltr'>suo</span> <span class='ocrx_word' id='word_1_421' title='bbox 1098 3619 1156 3674; x_wconf 89' lang='lat' dir='ltr'>loco</span> <span class='ocrx_word' id='word_1_422' title='bbox 1167 3619 1324 3676; x_wconf 85' lang='lat' dir='ltr'>ridebimus.</span> <span class='ocrx_word' id='word_1_423' title='bbox 1351 3618 1426 3684; x_wconf 82' lang='lat' dir='ltr'>Quod</span> 
     </span>
     <span class='ocr_line' id='line_1_41' title="bbox 257 3702 1424 3777; baseline -0.001 -17"><span class='ocrx_word' id='word_1_424' title='bbox 257 3703 289 3760; x_wconf 82' lang='lat' dir='ltr'>ad</span> <span class='ocrx_word' id='word_1_425' title='bbox 300 3720 425 3776; x_wconf 87' lang='lat' dir='ltr'>praesens</span> <span class='ocrx_word' id='word_1_426' title='bbox 436 3705 592 3760; x_wconf 82' lang='lat' dir='ltr'>vocabulum</span> <span class='ocrx_word' id='word_1_427' title='bbox 604 3712 718 3777; x_wconf 89' lang='lat' dir='ltr'>spectat,</span> <span class='ocrx_word' id='word_1_428' title='bbox 735 3706 804 3758; x_wconf 84' lang='lat' dir='ltr'>male</span> <span class='ocrx_word' id='word_1_429' title='bbox 816 3706 849 3760; x_wconf 85' lang='lat' dir='ltr'>ah</span> <span class='ocrx_word' id='word_1_430' title='bbox 861 3703 1006 3774; x_wconf 81' lang='lat' dir='ltr'>Epiphanio</span> <span class='ocrx_word' id='word_1_431' title='bbox 1018 3711 1094 3776; x_wconf 86' lang='lat' dir='ltr'>putat</span> <span class='ocrx_word' id='word_1_432' title='bbox 1106 3704 1198 3776; x_wconf 62' lang='lat' dir='ltr'>orpotq</span> <span class='ocrx_word' id='word_1_433' title='bbox 1206 3702 1334 3774; x_wconf 77' lang='lat' dir='ltr'>iprtrep&#39;or</span> <span class='ocrx_word' id='word_1_434' title='bbox 1345 3706 1424 3758; x_wconf 77' lang='lat' dir='ltr'>verti:</span> 
     </span>
     <span class='ocr_line' id='line_1_42' title="bbox 257 3789 1425 3862; baseline 0 -18"><span class='ocrx_word' id='word_1_435' title='bbox 257 3789 534 3844; x_wconf 87' lang='lat' dir='ltr'>cumitaecribendnm</span> <span class='ocrx_word' id='word_1_436' title='bbox 545 3790 640 3844; x_wconf 91' lang='lat' dir='ltr'>sithoc</span> <span class='ocrx_word' id='word_1_437' title='bbox 651 3807 756 3856; x_wconf 89' lang='lat' dir='ltr'>nomen,</span> <span class='ocrx_word' id='word_1_438' title='bbox 768 3789 865 3860; x_wconf 77' lang='lat' dir='ltr'>ospoby,</span> <span class='ocrx_word' id='word_1_439' title='bbox 878 3795 905 3842; x_wconf 87' lang='lat' dir='ltr'>et</span> <span class='ocrx_word' id='word_1_440' title='bbox 911 3795 1090 3860; x_wconf 66' lang='lat' dir='ltr'>propraetorem,</span> <span class='ocrx_word' id='word_1_441' title='bbox 1102 3807 1155 3844; x_wconf 93' lang='lat' dir='ltr'>nou</span> <span class='ocrx_word' id='word_1_442' title='bbox 1164 3789 1335 3844; x_wconf 84' lang='lat' dir='ltr'>irritationem</span> <span class='ocrx_word' id='word_1_443' title='bbox 1344 3791 1425 3862; x_wconf 72' lang='lat' dir='ltr'>signi-</span> 
     </span>
     <span class='ocr_line' id='line_1_43' title="bbox 257 3873 1425 3948; baseline -0.001 -18"><span class='ocrx_word' id='word_1_444' title='bbox 257 3875 325 3930; x_wconf 87' lang='lat' dir='ltr'>ficet.</span> <span class='ocrx_word' id='word_1_445' title='bbox 353 3875 424 3930; x_wconf 85' lang='lat' dir='ltr'>Haec</span> <span class='ocrx_word' id='word_1_446' title='bbox 439 3877 492 3932; x_wconf 91' lang='lat' dir='ltr'>ille.</span> <span class='ocrx_word' id='word_1_447' title='bbox 515 3876 613 3930; x_wconf 89' lang='lat' dir='ltr'>Verum</span> <span class='ocrx_word' id='word_1_448' title='bbox 625 3875 753 3947; x_wconf 79' lang='lat' dir='ltr'>purgandi</span> <span class='ocrx_word' id='word_1_449' title='bbox 767 3874 816 3928; x_wconf 92' lang='lat' dir='ltr'>hoc</span> <span class='ocrx_word' id='word_1_450' title='bbox 831 3873 936 3944; x_wconf 87' lang='lat' dir='ltr'>quidem</span> <span class='ocrx_word' id='word_1_451' title='bbox 949 3877 1006 3930; x_wconf 93' lang='lat' dir='ltr'>loco</span> <span class='ocrx_word' id='word_1_452' title='bbox 1019 3873 1158 3948; x_wconf 82' lang='lat' dir='ltr'>Epiphanii</span> <span class='ocrx_word' id='word_1_453' title='bbox 1166 3875 1250 3929; x_wconf 78' lang='lat' dir='ltr'>facilis</span> <span class='ocrx_word' id='word_1_454' title='bbox 1259 3877 1425 3946; x_wconf 87' lang='lat' dir='ltr'>eststexpli-</span> 
     </span>
     <span class='ocr_line' id='line_1_44' title="bbox 259 3959 1424 4032; baseline 0 -16"><span class='ocrx_word' id='word_1_455' title='bbox 259 3963 403 4018; x_wconf 85' lang='lat' dir='ltr'>cataratio.</span> <span class='ocrx_word' id='word_1_456' title='bbox 420 3961 536 4016; x_wconf 88' lang='lat' dir='ltr'>Primum</span> <span class='ocrx_word' id='word_1_457' title='bbox 545 3961 614 4014; x_wconf 90' lang='lat' dir='ltr'>enim</span> <span class='ocrx_word' id='word_1_458' title='bbox 624 3960 723 4030; x_wconf 74' lang='grc' dir='ltr'><strong>σιροὺχ,</strong></span> <span class='ocrx_word' id='word_1_459' title='bbox 733 3977 786 4014; x_wconf 90' lang='lat' dir='ltr'>nou</span> <span class='ocrx_word' id='word_1_460' title='bbox 795 3961 884 4030; x_wconf 76' lang='lat' dir='ltr'>oopoty</span> <span class='ocrx_word' id='word_1_461' title='bbox 893 3960 1105 4016; x_wconf 85' lang='lat' dir='ltr'>scribendumilli</span> <span class='ocrx_word' id='word_1_462' title='bbox 1114 3961 1170 4026; x_wconf 85' lang='lat' dir='ltr'>luit,</span> <span class='ocrx_word' id='word_1_463' title='bbox 1183 3959 1424 4032; x_wconf 86' lang='lat' dir='ltr'>cumprioremodo</span> 
     </span>
     <span class='ocr_line' id='line_1_45' title="bbox 259 4045 1425 4119; baseline 0.002 -19"><span class='ocrx_word' id='word_1_464' title='bbox 259 4065 313 4100; x_wconf 81' lang='lat' dir='ltr'>axx</span> <span class='ocrx_word' id='word_1_465' title='bbox 324 4047 494 4119; x_wconf 87' lang='lat' dir='ltr'>conceperint</span> <span class='ocrx_word' id='word_1_466' title='bbox 521 4045 555 4098; x_wconf 84' lang='lat' dir='ltr'>Et</span> <span class='ocrx_word' id='word_1_467' title='bbox 565 4045 623 4100; x_wconf 83' lang='lat' dir='ltr'>lieri</span> <span class='ocrx_word' id='word_1_468' title='bbox 634 4051 733 4116; x_wconf 84' lang='lat' dir='ltr'>potest,</span> <span class='ocrx_word' id='word_1_469' title='bbox 744 4051 775 4100; x_wconf 87' lang='lat' dir='ltr'>nt</span> <span class='ocrx_word' id='word_1_470' title='bbox 784 4045 911 4102; x_wconf 74' lang='lat' dir='ltr'>hebraice</span> <span class='ocrx_word' id='word_1_471' title='bbox 922 4062 1027 4116; x_wconf 87' lang='lat' dir='ltr'>quoque</span> <span class='ocrx_word' id='word_1_472' title='bbox 1038 4047 1132 4100; x_wconf 86' lang='lat' dir='ltr'>saltem</span> <span class='ocrx_word' id='word_1_473' title='bbox 1143 4047 1243 4116; x_wconf 87' lang='lat' dir='ltr'>aliquot</span> <span class='ocrx_word' id='word_1_474' title='bbox 1253 4047 1282 4100; x_wconf 91' lang='lat' dir='ltr'>in</span> <span class='ocrx_word' id='word_1_475' title='bbox 1293 4047 1425 4118; x_wconf 86' lang='lat' dir='ltr'>exempla·</span> 
     </span>
     <span class='ocr_line' id='line_1_46' title="bbox 258 4131 1425 4202; baseline 0 -16"><span class='ocrx_word' id='word_1_476' title='bbox 258 4132 330 4186; x_wconf 87' lang='lat' dir='ltr'>ribus</span> <span class='ocrx_word' id='word_1_477' title='bbox 342 4139 438 4196; x_wconf 51' lang='lat' dir='ltr'>mua)</span> <span class='ocrx_word' id='word_1_478' title='bbox 449 4149 503 4186; x_wconf 91' lang='lat' dir='ltr'>uon</span> <span class='ocrx_word' id='word_1_479' title='bbox 515 4137 602 4194; x_wconf 49' lang='lat' dir='ltr'>utut:</span> <span class='ocrx_word' id='word_1_480' title='bbox 613 4131 710 4184; x_wconf 88' lang='lat' dir='ltr'>lectum</span> <span class='ocrx_word' id='word_1_481' title='bbox 721 4131 766 4184; x_wconf 89' lang='lat' dir='ltr'>sit:</span> <span class='ocrx_word' id='word_1_482' title='bbox 784 4147 819 4184; x_wconf 86' lang='lat' dir='ltr'>ex</span> <span class='ocrx_word' id='word_1_483' title='bbox 836 4147 887 4202; x_wconf 86' lang='lat' dir='ltr'>quo</span> <span class='ocrx_word' id='word_1_484' title='bbox 905 4131 1003 4186; x_wconf 85' lang='lat' dir='ltr'>Graece</span> <span class='ocrx_word' id='word_1_485' title='bbox 1019 4131 1111 4202; x_wconf 65' lang='lat' dir='ltr'>espoby</span> <span class='ocrx_word' id='word_1_486' title='bbox 1126 4131 1262 4186; x_wconf 88' lang='lat' dir='ltr'>ediderunt</span> <span class='ocrx_word' id='word_1_487' title='bbox 1272 4150 1334 4186; x_wconf 82' lang='lat' dir='ltr'>cxx.</span> <span class='ocrx_word' id='word_1_488' title='bbox 1356 4131 1425 4186; x_wconf 84' lang='lat' dir='ltr'>Nam</span> 
     </span>
     <span class='ocr_line' id='line_1_47' title="bbox 260 4215 1425 4290; baseline 0.002 -20"><span class='ocrx_word' id='word_1_489' title='bbox 260 4223 285 4278; x_wconf 76' lang='lat' dir='ltr'>rr</span> <span class='ocrx_word' id='word_1_490' title='bbox 296 4234 343 4288; x_wconf 92' lang='lat' dir='ltr'>per</span> <span class='ocrx_word' id='word_1_491' title='bbox 354 4217 374 4271; x_wconf 90' lang='lat' dir='ltr'>ll</span> <span class='ocrx_word' id='word_1_492' title='bbox 385 4219 537 4288; x_wconf 88' lang='lat' dir='ltr'>plerumque</span> <span class='ocrx_word' id='word_1_493' title='bbox 549 4215 621 4272; x_wconf 89' lang='lat' dir='ltr'>reddi</span> <span class='ocrx_word' id='word_1_494' title='bbox 632 4217 711 4272; x_wconf 83' lang='lat' dir='ltr'>solet:</span> <span class='ocrx_word' id='word_1_495' title='bbox 723 4221 753 4269; x_wconf 91' lang='lat' dir='ltr'>nt</span> <span class='ocrx_word' id='word_1_496' title='bbox 764 4216 792 4270; x_wconf 89' lang='lat' dir='ltr'>iu</span> <span class='ocrx_word' id='word_1_497' title='bbox 803 4221 884 4278; x_wconf 64' lang='lat' dir='ltr'>‘tum</span> <span class='ocrx_word' id='word_1_498' title='bbox 897 4221 923 4272; x_wconf 92' lang='lat' dir='ltr'>et</span> <span class='ocrx_word' id='word_1_499' title='bbox 933 4221 997 4283; x_wconf 71' lang='lat' dir='ltr'>nn,</span> <span class='ocrx_word' id='word_1_500' title='bbox 1010 4217 1120 4271; x_wconf 81' lang='lat' dir='ltr'>Nnehor</span> <span class='ocrx_word' id='word_1_501' title='bbox 1131 4223 1158 4270; x_wconf 88' lang='lat' dir='ltr'>et</span> <span class='ocrx_word' id='word_1_502' title='bbox 1170 4215 1258 4270; x_wconf 81' lang='lat' dir='ltr'>Ciam.</span> <span class='ocrx_word' id='word_1_503' title='bbox 1286 4215 1425 4290; x_wconf 89' lang='lat' dir='ltr'>Utcunque</span> 
     </span>
     <span class='ocr_line' id='line_1_48' title="bbox 258 4300 1424 4375; baseline 0 -17"><span class='ocrx_word' id='word_1_504' title='bbox 258 4319 319 4358; x_wconf 83' lang='lat' dir='ltr'>rero</span> <span class='ocrx_word' id='word_1_505' title='bbox 331 4304 458 4375; x_wconf 89' lang='lat' dir='ltr'>scriptum</span> <span class='ocrx_word' id='word_1_506' title='bbox 469 4303 595 4368; x_wconf 86' lang='lat' dir='ltr'>extiterit,</span> <span class='ocrx_word' id='word_1_507' title='bbox 611 4307 698 4374; x_wconf 90' lang='lat' dir='ltr'>potest</span> <span class='ocrx_word' id='word_1_508' title='bbox 713 4301 851 4356; x_wconf 89' lang='lat' dir='ltr'>commoda</span> <span class='ocrx_word' id='word_1_509' title='bbox 866 4303 954 4375; x_wconf 85' lang='lat' dir='ltr'>aliqua</span> <span class='ocrx_word' id='word_1_510' title='bbox 970 4303 1183 4374; x_wconf 85' lang='lat' dir='ltr'>interpretatione</span> <span class='ocrx_word' id='word_1_511' title='bbox 1199 4300 1339 4374; x_wconf 79' lang='lat' dir='ltr'>Epiphanii</span> <span class='ocrx_word' id='word_1_512' title='bbox 1353 4303 1424 4374; x_wconf 81' lang='lat' dir='ltr'>glos·</span> 
     </span>
     <span class='ocr_line' id='line_1_49' title="bbox 259 4387 1424 4460; baseline -0.001 -17"><span class='ocrx_word' id='word_1_513' title='bbox 259 4405 332 4444; x_wconf 83' lang='lat' dir='ltr'>rema</span> <span class='ocrx_word' id='word_1_514' title='bbox 343 4387 453 4444; x_wconf 79' lang='lat' dir='ltr'>delendi.</span> <span class='ocrx_word' id='word_1_515' title='bbox 481 4387 612 4460; x_wconf 90' lang='lat' dir='ltr'>Imprimis</span> <span class='ocrx_word' id='word_1_516' title='bbox 625 4395 696 4452; x_wconf 60' lang='lat' dir='ltr'>tw</span> <span class='ocrx_word' id='word_1_517' title='bbox 702 4390 852 4459; x_wconf 68' lang='lat' dir='ltr'>perplexum</span> <span class='ocrx_word' id='word_1_518' title='bbox 868 4407 920 4442; x_wconf 80' lang='lat' dir='ltr'>esee</span> <span class='ocrx_word' id='word_1_519' title='bbox 936 4395 1015 4459; x_wconf 87' lang='lat' dir='ltr'>atque</span> <span class='ocrx_word' id='word_1_520' title='bbox 1032 4393 1180 4442; x_wconf 68' lang='lat' dir='ltr'>lamentator</span> <span class='ocrx_word' id='word_1_521' title='bbox 1195 4387 1340 4460; x_wconf 74' lang='lat' dir='ltr'>siguificat,</span> <span class='ocrx_word' id='word_1_522' title='bbox 1355 4387 1424 4442; x_wconf 81' lang='lat' dir='ltr'>uude</span> 
     </span>
    </p>
   </div>
   <div class='ocr_carea' id='block_1_5' title="bbox 259 4472 1423 4547">
    <p class='ocr_par' dir='ltr' id='par_1_9' title="bbox 259 4472 1423 4547">
     <span class='ocr_line' id='line_1_50' title="bbox 259 4472 1423 4547; baseline 0.004 -22"><span class='ocrx_word' id='word_1_523' title='bbox 259 4481 344 4541; x_wconf 51' lang='grc' dir='ltr'>»πυ</span> <span class='ocrx_word' id='word_1_524' title='bbox 351 4493 479 4547; x_wconf 80' lang='lat' dir='ltr'>propaqo,</span> <span class='ocrx_word' id='word_1_525' title='bbox 490 4490 544 4530; x_wconf 90' lang='lat' dir='ltr'>nou</span> <span class='ocrx_word' id='word_1_526' title='bbox 553 4482 649 4541; x_wconf 49' lang='lat' dir='ltr'>itaq),</span> <span class='ocrx_word' id='word_1_527' title='bbox 660 4481 690 4530; x_wconf 91' lang='lat' dir='ltr'>nt</span> <span class='ocrx_word' id='word_1_528' title='bbox 698 4473 857 4530; x_wconf 80' lang='lat' dir='ltr'>Oalrinistae</span> <span class='ocrx_word' id='word_1_529' title='bbox 865 4476 971 4546; x_wconf 83' lang='lat' dir='ltr'>placuit</span> <span class='ocrx_word' id='word_1_530' title='bbox 989 4472 1074 4538; x_wconf 83' lang='lat' dir='ltr'>Quare</span> <span class='ocrx_word' id='word_1_531' title='bbox 1081 4489 1218 4546; x_wconf 88' lang='lat' dir='ltr'>perperam</span> <span class='ocrx_word' id='word_1_532' title='bbox 1226 4475 1316 4546; x_wconf 89' lang='lat' dir='ltr'>etipse</span> <span class='ocrx_word' id='word_1_533' title='bbox 1325 4473 1423 4544; x_wconf 78' lang='lat' dir='ltr'>sspoby,</span> 
     </span>
    </p>
   </div>
   <div class='ocr_carea' id='block_1_6' title="bbox 0 0 1592 5044">
    <p class='ocr_par' dir='ltr' id='par_1_10' title="bbox 0 0 1592 5044">
     <span class='ocr_line' id='line_1_51' title="bbox 0 0 1592 5044; baseline 0 0"><span class='ocrx_word' id='word_1_534' title='bbox 0 0 1592 5044; x_wconf 95' lang='lat' dir='ltr'> </span> 
     </span>
    </p>
   </div>
  </div>
 </body>
</html>
