3104 5038
1071 321 1264 380 nomin

96 479 387 536 'tahtur'Soeomeuus
397 480 443 537 lib.
453 497 488 536 ιι.
500 495 557 552 esp.
566 497 604 536 ιι.
627 479 679 534 hlii
689 495 750 534 rero
766 495 801 534 ex
817 478 909 534 eodem
920 479 1075 534 triauorum
1090 493 1171 550 grege
1183 494 1199 532 a
1209 493 1266 532 ιιια-

100 567 178 636 gistri
189 567 231 622 sui
242 567 377 638 impietate
391 566 527 637 paululum
538 566 710 620 desciscentes
727 564 810 626 οὐσίας
826 564 981 618 vocabulum
997 571 1024 618 et
1038 564 1085 618 lilii
1100 564 1128 618 iu
1145 565 1265 618 omuibus

100 652 221 722 adeoque
236 653 425 706 insubstantia
439 651 635 706 similitudinem
651 651 839 721 agnoscebant.
871 649 986 714 Quorum
1003 650 1122 720 signiferi
1138 665 1169 704 sc
1185 649 1265 704 duces

99 743 176 791 cnut
187 737 302 792 Basilius
314 738 476 808 monsone,
489 737 618 808 Georgius
630 736 801 801 Laodicenis,
812 735 935 790 Silrsuus
946 736 1090 801 Tarsensis,
1104 733 1265 807 Sophrouius

98 821 371 894 Pompeiopohtsuus,
383 823 502 878 Eleusine
511 822 667 893 Cyzicenus,
677 822 847 876 Macedouius
859 820 1174 892 Constantinopolitanae,
1185 826 1224 884 et,
1235 825 1266 874 ut

98 907 224 962 Socrstes
247 925 278 962 ac
295 909 456 963 Soaomenus
473 909 576 974 roluut,
597 909 677 962 etiam
697 907 809 977 (tyrillus
828 907 1087 977 hierosolymitanus.
1124 906 1195 960 lisec
1214 905 1265 960 duo

97 993 216 1048 Αιίαιιαα
233 1000 319 1048 sectae
337 995 423 1065 capitu
439 994 557 1060 luerunt,
574 1009 685 1064 quornm
702 993 731 1046 iu
748 993 870 1063 dogmate
886 993 943 1064 ipse
961 993 1087 1066 dissensio
1103 992 1265 1047 rersebatur.

98 1079 191 1134 'l'ertia
200 1079 292 1133 deinde
300 1097 354 1134 uon
363 1087 417 1134 tam
427 1095 460 1134 ex
473 1079 565 1134 erroris
577 1079 714 1144 varietate,
727 1093 807 1149 quam
818 1095 852 1132 ex
865 1078 930 1132 odiis
942 1083 969 1132 et
977 1077 1164 1132 offensionibus
1175 1082 1267 1132 exorta

96 1164 179 1219 tactio
195 1171 249 1230 est,
259 1166 448 1220 Acaoianorum
459 1165 585 1220 videlicet
619 1163 722 1218 Etenim
733 1163 843 1218 dacius
855 1163 1030 1218 Caesariensis
1047 1179 1108 1217 cum
1118 1163 1224 1217 Melen‘o
1241 1169 1267 1216 et

97 1248 200 1304 Uranie
212 1251 304 1320 Tyrio,
322 1249 449 1320 Eutychio
466 1249 720 1321 Eleutheropoliteuo
737 1255 765 1303 et
781 1249 838 1303 aliis
856 1249 1011 1320 quibusdem
1028 1265 1090 1304 suas
1106 1249 1163 1320 ipse
1180 1254 1267 1320 partes

96 1336 250 1402 enatent,
268 1353 298 1390 ac
316 1337 538 1390 Semiariaucrum
555 1335 665 1390 ducibus
681 1335 804 1390 acerrime
821 1336 916 1389 restitit
930 1336 958 1390 iu
974 1335 1132 1389 Seleucieuei
1148 1335 1266 1390 concilio.

97 1419 151 1484 Qui
168 1421 197 1474 iu
215 1438 258 1488 ec,
275 1427 305 1475 ut
323 1422 422 1493 opinor,
439 1422 473 1475 eb
485 1421 603 1476 Eudoxio
615 1421 724 1491 aliisque
735 1420 886 1492 preeiractis
897 1420 1013 1474 ditionis
1025 1420 1187 1491 discrepabat
1198 1420 1268 1491 quod

96 1506 186 1560 hlium
199 1514 343 1561 creaturam
355 1524 423 1572 esse,
441 1511 487 1560 eut
501 1507 582 1578 patris
598 1506 752 1562 dissimilem
763 1507 811 1560 etsi
822 1505 928 1577 perinde
940 1511 1017 1577 atque
1029 1506 1067 1558 illi
1078 1506 1197 1571 sentiret,
1214 1523 1267 1559 nou

96 1597 192 1648 tamen
203 1591 283 1646 libere
295 1593 467 1663 audacterque
478 1591 649 1664 profiteretur.
670 1592 709 1645 De
721 1591 762 1646 his
774 1593 881 1646 consule
892 1590 1026 1646 Socratem
1038 1591 1082 1644 lib.
1090 1609 1119 1644 rr.
1132 1607 1267 1662 capxxar.

97 1683 126 1731 et
141 1678 325 1748 sequentihus.
358 1677 511 1732 Theodoret
527 1679 573 1732 lib.
585 1695 614 1734 n.
630 1693 686 1748 cap.
698 1695 791 1741 xxvrr,
807 1676 910 1731 Sorom.
927 1677 971 1730 lib.
980 1695 1015 1731 ιι.
1033 1691 1089 1747 cup.
1101 1693 1157 1731 ιιι.
1176 1691 1207 1729 ec
1224 1674 1267 1730 de·

97 1779 202 1834 inceps.

171 1849 230 1902 Τῶν
239 1847 293 1918 aspi
301 1847 435 1918 Βασίλειον,
448 1847 522 1919 popl,
535 1847 575 1900 acl
585 1845 714 1918 Γεώργιον,
727 1847 767 1900 καὶ
776 1846 932 1915 Educenda]
948 1847 1022 1902 Hunc
1033 1847 1120 1917 ipsum
1131 1845 1267 1900 Silvanum

95 1934 182 1988 refert
192 1933 368 1988 Theodoretus
382 1934 427 1990 lib.
437 1953 466 1988 ιι.
478 1949 534 2005 cap.
543 1951 626 1988 xxm.
643 1933 672 1985 rb
689 1929 820 2004 bpooo'oroo
837 1949 926 1986 coram
942 1933 1097 2003 imperatore
1113 1931 1267 1986 defendisse.

96 2021 177 2084 Quod
189 2019 265 2072 valde
276 2021 363 2075 miror.
397 2019 464 2073 Nem
481 2021 509 2073 iu
526 2017 686 2073 Seleucieusi
702 2019 873 2073 conciliabulo
891 2016 961 2072 hunc
970 2033 1056 2071 nuum
1067 2018 1190 2072 adversus
1202 2019 1267 2072 Aca·

95 2106 193 2160 danea
205 2104 339 2176 pertendit,
350 2111 380 2158 ut
389 2105 550 2159 Antiocheno
560 2091 674 2160 iormule
684 2107 844 2168 retineretur,
855 2104 893 2158 ait
904 2103 1023 2158 Socrates
1034 2103 1113 2158 libn.
1122 2119 1267 2175 capum.

96 2190 172 2256 de
182 2196 271 2244 autern
282 2191 309 2244 iu
321 2189 409 2245 animo
420 2189 540 2245 habuerit
553 2191 577 2244 is
594 2191 639 2262 qui
651 2189 733 2244 uictor
745 2189 814 2260 opud
825 2187 1016 2244 Theodoretum
1027 2205 1074 2259 pro
1087 2187 1218 2260 bpoorleroo
1229 2205 1268 2244 re·
1293 2207 1316 2248 o·
1324 2193 1369 2238 saa

95 2275 254 2347 ponendum
266 2277 374 2342 censuit,
385 2277 476 2332 docere
488 2277 544 2347 ipse
556 2277 685 2331 debueret
708 2275 775 2330 Nem
787 2291 839 2328 vox
850 2275 895 2328 illa
907 2273 987 2337 cicccc
999 2291 1052 2328 nou
1064 2279 1105 2328 est
1115 2275 1201 2329 nauci.

171 2358 204 2414 Οἱ
216 2360 269 2432 aspi
281 2361 418 2432 Ἐνδόξων]
443 2361 572 2433 Corrupta
583 2363 639 2416 sine
651 2362 730 2416 dubio
746 2377 831 2432 neque
842 2361 906 2414 sotis
917 2362 1020 2432 integre
1030 2361 1082 2414 ista
1092 2367 1161 2416 suut
1179 2360 1269 2432 Neque

95 2447 174 2502 euim
186 2445 321 2500 Eudoxias
334 2461 364 2500 ac
376 2447 505 2513 Georgius
517 2447 709 2502 Alexandrinus
727 2446 845 2501 aBasilil
863 2452 909 2502 out
920 2446 1140 2501 semiarianorum
1151 2447 1269 2518 pertibus

94 2537 213 2596 stetere,
230 2533 325 2602 quibus
343 2549 403 2587 cum
418 2531 645 2588 vehementissime
662 2533 860 2587 contendebant.
884 2531 938 2587 Noe
954 2549 1022 2604 quae
1033 2532 1128 2588 desunt
1137 2533 1165 2586 in
1177 2532 1268 2587 Latirm

94 2617 292 2690 supplevimus.

170 2702 220 2756 list
231 2702 346 2774 Cdpcsltp
358 2708 395 2776 τῷ
407 2703 512 2775 Τυρίῳ]
534 2704 610 2776 Apud
627 2703 761 2758 Socratem
777 2703 882 2774 saepius
897 2703 1021 2756 Ursocs'us
1035 2719 1083 2773 pro
1099 2703 1195 2756 Urooio
1211 2719 1268 2774 per·

93 2805 194 2862 peram
206 2789 363 2844 substitutus
374 2795 422 2846 eet.

171 2873 238 2926 'l'drc
248 2874 448 2928 sermocinent
460 2873 514 2928 κατ’
526 2874 628 2944 αὐτῶν]
646 2875 709 2946 Leg.
721 2879 751 2928 ut
762 2880 801 2928 est
811 2874 838 2927 in
851 2873 981 2944 margine,
994 2873 1182 2928 κατασταθέντα.
1200 2872 1267 2928 Nam

94 2960 224 3032 deposito
240 2959 268 3012 iu
280 2959 441 3014 Seleucieusi
457 2962 565 3016 concilio
583 2977 598 3014 a
616 2961 714 3014 Basilio
732 2965 758 3013 et
771 2959 940 3014 Semiarianis
951 2957 1070 3012 Eudoxio
1087 2957 1211 3013 suffectus
1228 2965 1269 3012 est

92 3046 237 3108 enimus,
248 3045 293 3114 qui
304 3045 338 3098 eb
349 3045 484 3100 doaciauie
494 3063 541 3117 per
551 3046 700 3100 Lauricium
712 3051 738 3099 et
748 3045 864 3100 Leonam
874 3046 903 3099 in
914 3045 1024 3100 exilium
1035 3045 1132 3099 eiectus
1144 3050 1193 3100 est.
1220 3044 1268 3099 So·

93 3139 188 3186 asses
200 3129 247 3184 lib.
255 3147 285 3184 n.
297 3145 353 3202 cap.
363 3149 445 3186 axxrr.

172 3215 221 3268 dri
232 3214 274 3282 ιὴν
286 3215 347 3286 πρὸς
359 3217 402 3268 τὸν
414 3215 534 3286 illediso
546 3213 657 3288 ἔχθραν]
692 3215 873 3288 Expungenda
889 3217 994 3270 omniuo
1009 3217 1123 3287 negandi
1133 3217 1268 3287 particula

90 3303 170 3360 Nam
183 3300 328 3371 Eutychius
341 3318 387 3374 pro
399 3317 448 3356 suo
458 3303 487 3356 iu
498 3301 624 3371 Cyrillum
636 3301 695 3356 odio
712 3317 770 3356 sese
787 3302 821 3356 ad
832 3303 956 3356 Acacium
972 3303 1138 3374 aggregarit:
1155 3317 1268 3374 quocum

92 3388 234 3460 Cyrillum
245 3387 509 3456 Hierosolpruitauum
521 3387 552 3441 de
564 3389 715 3458 episcopatu
726 3388 841 3442 dimovit

169 3473 205 3529 N.
219 3489 282 3528 aar.
306 3471 337 3525 Οἱ
349 3471 503 3534 συνελθόντες
514 3471 664 3540 ἐπίσκοποι]
697 3473 735 3526 De
753 3473 913 3528 seleuciensi
929 3473 1114 3541 conciliabulo,
1132 3474 1202 3545 quod
1213 3475 1269 3529 hri·

90 3559 234 3618 musis
244 3555 371 3628 ἀντίμιμον
387 3559 500 3629 appellet
513 3559 647 3625 Socrates,
664 3559 723 3612 vide
740 3573 800 3612 cum
818 3558 951 3614 Socratem
967 3559 1066 3630 ipsum,
1082 3565 1139 3614 tom
1155 3561 1269 3631 sellense

89 3659 198 3702 ommes
209 3644 442 3698 ecclesiasticarum
453 3661 539 3698 rerum
551 3651 578 3698 et
588 3645 722 3700 snuehum
733 3645 879 3715 scriptores.

171 3729 311 3783 Celebrate
322 3735 362 3783 ert
372 3729 544 3784 Seleucieusis
556 3731 670 3800 synodus
689 3747 758 3784 anuo
771 3729 867 3784 Christi
878 3745 984 3786 eccon.
996 3730 1108 3785 Eusebio
1121 3737 1147 3785 et
1157 3731 1269 3802 Hypatio

90 3833 172 3872 coss.
186 3829 277 3868 coram
288 3813 407 3868 henricis
419 3821 445 3868 et
456 3815 546 3870 Leous
556 3817 701 3882 comitibus,
714 3833 779 3886 quos
798 3815 823 3868 ei
833 3815 1006 3870 moderandae
1018 3815 1184 3870 Constantius
1195 3833 1269 3887 prae·

88 3905 213 3958 fecerat
248 3899 350 3953 Primus
364 3915 504 3954 consessus
515 3901 658 3954 celebratus
670 3908 711 3954 est
721 3901 793 3971 Sept
802 3917 884 3954 xxvrr.
897 3917 948 3971 quo
961 3901 1002 3954 die
1013 3903 1193 3956 altercationes
1204 3903 1270 3956 exti-

89 3990 206 4050 terunt,
225 3983 294 4053 quod
310 3985 415 4039 iubente
430 3983 519 4040 Leone
535 3993 566 4040 ut
577 3986 608 4039 de
619 3986 670 4039 fide
683 3987 837 4039 senteutiam
848 3986 957 4052 ferrent,
975 3994 1103 4058 negarent
1119 3987 1270 4042 absentibus

87 4071 220 4134 Basilio,
237 4067 402 4135 llacedouio,
419 4069 568 4140 Petrophilo
585 4087 615 4124 ec
632 4073 753 4134 caeteris,
772 4072 816 4141 qui
832 4072 901 4125 male
915 4073 965 4126 sibi
977 4075 1075 4126 conscii
1086 4081 1142 4127 tum
1154 4074 1269 4140 aberant,

89 4159 250 4232 quiequam
260 4169 338 4224 poseo
349 4155 459 4211 decerni.
494 4155 547 4209 Sed
562 4157 675 4210 instante
690 4155 858 4210 nihilominus
869 4157 969 4223 Leone,
987 4175 1046 4211 cum
1064 4158 1095 4210 de
1113 4158 1269 4228 quibusdam

87 4245 144 4318 qui
157 4241 281 4297 accusati
292 4247 365 4294 erant
376 4241 551 4311 cognitionem
563 4241 709 4296 habendam
721 4247 781 4294 ante
793 4243 909 4313 episcopi
920 4249 1070 4308 metuerent,
1082 4259 1161 4312 quam
1170 4244 1201 4296 de
1210 4243 1270 4298 idei

87 4327 276 4402 dogmetibus
294 4333 413 4397 ageretur
430 4325 521 4395 (delati
537 4328 606 4380 euim
623 4333 698 4381 eraut
711 4327 822 4397 Cyrillus
839 4327 1270 4397 hierosolymitanus,1iustethius

86 4417 271 4475 Sebesteuus
283 4419 309 4466 et
319 4412 365 4466 alii
373 4412 513 4481 nonnulli),
524 4413 631 4482 pervicit
640 4413 745 4466 tandem
757 4424 857 4479 comes,
870 4420 899 4467 ut
910 4413 942 4466 de
950 4413 1001 4466 lide
1012 4413 1188 4484 quaerendum
1198 4416 1270 4486 prius

87 4517 163 4560 esse
173 4497 314 4554 videretur.
339 4498 379 4551 lbi
387 4497 482 4552 Acacio
493 4513 588 4551 uorem
600 4497 661 4550 fidei
669 4489 808 4552 formulam
820 4505 847 4552 et-
858 4499 990 4552 Niceenae
1000 4501 1103 4569 penitus
1115 4502 1271 4555 contrariam

87 4585 230 4648 offerenti
240 4583 362 4638 Silrauus
374 4583 519 4654 caeterique
530 4582 686 4636 Semiarieni
696 4582 923 4638 vehementissime
934 4585 1090 4643 restiterunt.
1111 4586 1195 4651 Quare
1207 4588 1270 4640 Aca·
