3126 5046
1144 335 1285 394 ocuxxv

117 489 282 546 amaneu
292 489 491 544 nomineiilinm
499 505 546 561 par
556 491 644 544 omnia
654 490 722 561 patri
732 489 845 544 alaudem
857 505 915 544 eaae
923 489 1113 561 profiterentur.
1131 491 1197 547 ilino
1208 491 1285 546 tertia

116 577 165 630 illa
175 575 237 630 fidei
247 575 361 632 iormala
371 577 495 641 manauit,
508 591 587 647 qnam
596 576 691 630 Valeua
703 575 736 628 ad
748 576 911 630 erininenee
922 576 1061 630 oonailium
1072 576 1171 642 detulit,
1181 583 1212 631 ut
1224 577 1284 648 Spi-

116 660 231 732 planiae
243 660 292 715 luae
302 662 361 733 ipea
371 662 399 714 in
410 660 511 715 haereai
522 667 641 716 laetatur.
675 660 760 724 Quam
776 661 880 731 quidem
896 662 965 732 apud
976 661 1112 719 Socratem
1128 663 1222 730 habes,
1240 663 1284 717 ad·

117 747 224 818 scriptia
235 763 303 801 ooaa.
315 747 478 814 nominituo,
490 763 543 818 qua
554 747 587 800 de
598 763 692 801 mursa
703 745 887 800 catholicorum
900 747 1029 812 omnium,
1040 749 1192 819 praesertim
1206 747 1284 802 Ama-

116 833 199 898 naaii,
211 833 266 888 riao
276 847 307 886 aa
317 832 428 886 ludibrio
440 838 482 886 eat
492 839 610 904 excepta
627 831 723 886 Sodem
733 847 802 886 auno
811 831 930 886 Liberius
939 831 1039 887 Beroea
1047 839 1183 888 revocatae
1195 833 1285 888 Sirmii

116 917 219 989 primae
232 918 270 972 illi
284 917 415 972 termulae
429 917 596 988 subscripsit,
613 933 680 988 quae
693 915 792 972 Graece
808 918 924 975 alterno
937 923 1027 972 eontra
1037 917 1176 974 Plotinum
1188 921 1285 992 aoripta

116 1002 217 1068 ium,
227 1019 281 1056 nou
293 1001 429 1057 mundae.
454 1002 512 1067 Quo
522 1004 660 1074 impetrato
671 1003 783 1058 Romani
794 1003 942 1058 remittitur.

186 1089 263 1142 Anno
276 1103 402 1144 oucavm.
415 1089 535 1142 absoluta
550 1089 681 1142 Sirmiana
695 1089 911 1160 pseudosynodo,
928 1088 1096 1144 Constantius
1108 1089 1285 1146 Nicomediam

116 1173 229 1228 alteram
240 1173 338 1229 indlalt.
357 1173 409 1227 Sed
421 1179 544 1227 eaterrae
553 1179 626 1228 motu
634 1180 771 1244 prostrata,
783 1191 847 1228 mox
859 1175 938 1228 etiam
949 1173 1054 1242 Nioaea,
1066 1192 1117 1246 quo
1129 1183 1284 1232 conventum

115 1259 253 1313 mmeimri
263 1259 408 1330 placuerat,
423 1259 513 1313 eadem
524 1260 601 1312 ruina
612 1261 744 1315 subversa

188 1345 264 1398 Anno
276 1343 381 1398 murum
393 1359 498 1400 ouoarx.
510 1345 631 1400 bilariam
642 1345 787 1400 dietributie
799 1345 926 1418 epiaeopia
942 1345 1033 1400 eodem
1049 1352 1164 1418 tompore
1175 1348 1285 1403 Arimini

116 1445 151 1484 aa
162 1429 298 1484 Seleuciae
308 1431 336 1483 in
348 1430 447 1484 lanaria
458 1431 551 1500 synodi
566 1431 738 1484 celebrantur.
771 1431 845 1484 liano
860 1432 963 1484 illorum
978 1436 1126 1502 temporum
1140 1433 1283 1500 historiam,

116 1515 267 1570 cuiusmodi
273 1515 302 1568 in
308 1517 453 1570 Annalibus
460 1515 577 1582 traditur,
589 1533 649 1570 eum
658 1517 686 1570 in
694 1517 802 1570 eaeterie
812 1516 935 1570 llioolaua
947 1516 1030 1570 Faber
1041 1519 1081 1571 eir
1093 1519 1283 1574 eruditieeinuua

116 1617 173 1654 non
188 1601 331 1672 improbet,
348 1601 375 1654 in
392 1601 442 1655 hoo
454 1601 574 1655 diaaeutit
589 1617 653 1667 uno,
672 1602 742 1672 quod
753 1603 856 1655 tertiam
867 1601 928 1655 fidei
939 1602 1141 1672 professionem,
1158 1605 1201 1658 oui
1217 1623 1284 1660 eoae.

116 1685 201 1740 additi
210 1694 281 1750 aunt,
294 1693 376 1756 negat
386 1687 413 1740 iu
425 1686 561 1741 Sirmiensi
572 1687 672 1757 synodo
683 1687 767 1742 inieee
783 1685 931 1742 conflatam.
965 1687 1057 1758 ltaque
1074 1688 1139 1742 duaa
1158 1689 1285 1744 duntaxat

115 1771 219 1842 priurea
229 1771 314 1826 aditae
325 1777 382 1826 tum
393 1789 452 1826 ease
464 1778 565 1838 nannet,
577 1789 636 1826 enm
649 1772 771 1826 adveraua
783 1770 923 1826 Photinum
934 1773 1024 1826 Ariani
1035 1781 1219 1829 convenerunt
1236 1775 1284 1830 Po-

116 1863 245 1912 atreruam
253 1871 314 1911 raro
326 1857 415 1912 Sirmii
425 1859 498 1912 illam
510 1858 616 1928 quidem
627 1857 731 1922 editam,
743 1857 790 1911 aed
800 1858 828 1911 in
839 1857 945 1911 fortuito
957 1858 1138 1929 epiecoporum
1150 1875 1284 1927 cenoman,

115 1959 173 1995 nnn
184 1942 301 2012 legitimo
312 1941 460 2014 indictoque
471 1941 589 1997 concilio.
625 1942 669 1996 Sio
680 1942 750 1996 enlm
762 1943 897 1996 existimat
910 1943 937 1996 in
952 1943 998 1996 illa
1013 1943 1187 2014 praelatione,
1205 1961 1284 2017 quarn

115 2027 211 2080 Hilarii
219 2027 375 2098 fragmentia
386 2027 521 2098 praefixit,
534 2027 715 2082 Gonetantium
728 2029 810 2081 literia
822 2027 855 2080 ad
863 2028 1031 2098 Anopranurn
1042 2028 1170 2084 Baeillum
1181 2032 1284 2103 aoriptie

116 2111 258 2168 mandute
273 2119 303 2167 ut
319 2113 420 2168 deloco
436 2113 569 2184 augendae
586 2113 680 2184 aynodi
696 2129 756 2167 oum
773 2113 949 2168 Orientalibua
967 2113 1127 2168 deliberaret
1156 2115 1207 2169 Sed
1224 2133 1285 2171 eum

116 2199 189 2252 inter
198 2199 258 2253 illoa
270 2199 408 2254 convenire
420 2215 473 2253 non
485 2205 588 2270 poaaet,
605 2199 733 2254 Baaillum
751 2199 784 2252 ad
798 2199 916 2269 imperat
929 2199 1030 2252 renmee
1042 2199 1179 2267 Sirmium,
1195 2203 1284 2273 ibique

116 2283 238 2338 Hereum
253 2283 433 2347 memmium,
449 2285 585 2338 Valentem
602 2285 720 2355 alloaque
736 2285 871 2355 reperiare.
906 2284 979 2337 Tuuo
995 2285 1096 2338 collatio
1114 2287 1241 2358 oapltr'bue
1258 2293 1286 2342 at

116 2369 331 2440 aonapirantibne
341 2370 376 2424 ad
386 2369 528 2424 Nidaenam
542 2369 622 2424 iidem
638 2370 802 2424 evertendam
819 2369 914 2423 animia
930 2371 1053 2424 etatulam
1070 2376 1100 2424 ut
1114 2371 1226 2425 Nicaeae
1242 2389 1285 2442 ay-

117 2454 206 2509 nodua
216 2453 363 2509 hiaretur.
396 2455 459 2509 Puet
469 2471 529 2508 oum
542 2455 650 2510 eandem
662 2456 752 2510 urbem
764 2461 848 2509 terrae
859 2460 945 2508 mutua
957 2454 1109 2521 afflixiaaet,
1121 2459 1286 2512 statuissent

116 2541 302 2612 epiaeopnrnm
317 2555 378 2611 pare
390 2541 548 2606 Ariminum,
564 2557 624 2612 para
635 2541 783 2594 Seleuciam
800 2555 858 2594 aeae
873 2540 1010 2595 conferret.
1034 2541 1072 2594 Aa
1082 2542 1208 2612 peridem
1219 2547 1284 2596 tem·

116 2641 170 2697 pua
187 2625 276 2680 Sirmii
296 2641 392 2680 noram
414 2641 445 2679 ae
466 2627 570 2680 tertiam
589 2625 650 2679 Sdei
669 2625 808 2680 termulam
828 2641 845 2677 a
861 2625 950 2678 Mareu
967 2625 1106 2678 Aretlueio
1123 2626 1206 2679 inieae
1222 2643 1283 2681 oon-

116 2711 257 2781 stupam
273 2716 304 2764 ut
319 2727 354 2766 ex
367 2711 492 2766 Geminil
507 2711 630 2783 epistole,
648 2727 715 2781 quae
731 2711 760 2764 in
776 2709 930 2781 fragmentis
946 2709 1050 2779 legitur,
1067 2709 1189 2764 Nioolaue
1200 2711 1284 2766 Faber

117 2795 249 2850 oberat.

204 2949 414 3006 termulana
429 2949 610 3006 manumet
626 2947 845 3004 SUPERIORUM
862 2947 1000 3004 OMNIUM
1016 2949 1197 3007 nummulo,

186 3052 248 3108 ruit
257 3052 306 3108 loe
316 3054 398 3124 igitur
408 3053 534 3107 haomnna
546 3067 699 3124 minumum
712 3053 846 3118 omnibus,
863 3053 897 3105 ab
915 3067 969 3106 una
984 3053 1127 3124 memque
1144 3053 1282 3109 Sirmienai

115 3137 221 3209 synodo
232 3139 434 3194 ooudemuatnm
450 3155 507 3192 eeae
521 3138 673 3203 Photinum‚
692 3143 718 3191 et
734 3139 789 3192 aive
806 3143 871 3202 nee,
889 3139 944 3191 aive
962 3138 1026 3192 duaa
1044 3139 1137 3194 aaltem
1153 3139 1215 3194 fidei
1230 3140 1282 3195 ior·

114 3225 207 3278 mulae
218 3240 275 3278 ease
286 3225 425 3296 proiectae.
457 3223 572 3289 Quarum
584 3224 707 3277 adrem
718 3221 821 3276 Photini
833 3223 1037 3294 dogmataprior
1048 3225 1179 3290 aditnent,
1191 3226 1219 3279 in
1231 3243 1284 3297 qua

115 3309 169 3364 deo
181 3325 277 3364 nomeu
288 3309 371 3371 οὐσίας
386 3310 540 3363 attributum
558 3318 609 3373 eet,
628 3325 707 3379 quam
723 3325 808 3378 neque
826 3309 954 3375 collaturi,
972 3325 1056 3379 neque
1073 3309 1189 3364 contrahi
1206 3327 1283 3382 poeae
1308 3315 1382 3368 pata

116 3395 295 3452 deaererunt.
332 3393 416 3459 Quam
427 3395 506 3449 etiam
519 3393 618 3448 Graece
630 3409 646 3447 a
657 3393 746 3448 Maron
757 3393 895 3447 Arethusia
907 3394 1029 3464 scriptam
1041 3401 1151 3449 testetur
1162 3397 1282 3452 Socratae

114 3481 164 3536 lit.
175 3497 205 3534 n.
216 3496 273 3552 oap.
283 3499 344 3536 axv.
368 3481 456 3534 Altera
471 3479 565 3534 Latino
581 3495 699 3533 sermone
716 3479 823 3545 tradita,
834 3479 955 3544 Valente,
972 3479 1090 3544 Ursatio,
1103 3481 1236 3536 (terminio
1252 3499 1283 3538 ao

115 3567 229 3620 wiern
241 3567 368 3638 epiecopia
379 3566 571 3636 praesentibus,
583 3569 613 3618 ut
623 3565 757 3635 ineorlptio
768 3565 827 3635 ipsa
837 3565 895 3618 ieri-
926 3564 956 3617 lu
969 3580 1021 3634 qua
1033 3564 1115 3627 adulat
1126 3583 1223 3621 nomen
1234 3585 1283 3623 neo

114 3668 172 3706 noa
184 3656 212 3704 et
223 3649 356 3722 ὂμοουσίου
368 3659 445 3721 atque
457 3648 599 3720 ὁμοιουσέοιι
610 3651 750 3714 voeabula,
768 3649 837 3722 quod
854 3651 881 3702 in
899 3651 980 3704 saorla
995 3649 1079 3704 literis
1090 3667 1146 3706 non
1156 3659 1283 3722 extarent,

115 3737 260 3791 obliterata
269 3743 331 3791 eunt
341 3743 368 3790 et
378 3738 406 3790 in
417 3743 571 3807 perpetuum
581 3737 733 3806 proscripta
750 3735 818 3788 Nam
829 3734 861 3787 de
873 3735 948 3788 tertia
959 3736 1059 3803 merito,
1070 3742 1101 3790 ut
1111 3743 1202 3808 postea
1212 3739 1282 3792 ride·

114 3823 215 3888 bimur,
226 3821 348 3876 Nicolaum
357 3822 440 3876 Faber
451 3827 588 3893 repugnat,
601 3837 679 3891 quam
691 3821 735 3874 alii
746 3819 837 3874 eadem
848 3821 893 3873 illa
902 3820 930 3874 in
939 3820 1039 3889 aynodo
1048 3827 1142 3892 putant
1152 3839 1209 3877 eeee
1220 3839 1281 3877 eou-

114 3908 253 3978 aerlptarn.
280 3907 353 3962 liano
365 3907 488 3973 Socratis,
500 3907 646 3972 Soaomeni‚
658 3907 827 3975 aliorumque,
839 3911 869 3958 ut
879 3922 942 3959 mox
954 3907 1091 3971 constabit,
1103 3906 1280 3962 hallucinatio·

114 4006 181 4047 natu
191 3993 268 4046 narie
279 3993 409 4047 erroribus
420 3994 576 4046 recentiores
587 3991 702 4046 hiatoriei
714 3991 886 4044 cumularunt.
912 3990 1027 4055 Quorum
1038 4009 1091 4045 uon
1102 3993 1226 4046 minimus
1236 3993 1281 4048 ille

115 4085 173 4144 eet,
190 4077 260 4149 quod
272 4079 436 4148 Anemnam
449 4077 670 4132 Semiarianorum
687 4076 828 4146 synodum,
846 4093 914 4146 quaa
931 4077 1055 4130 adversm
1072 4077 1211 4130 eeoundarn
1227 4078 1280 4132 Sir-

114 4166 252 4218 mianaenr·
262 4164 402 4218 formulam
417 4163 506 4217 habita
522 4169 574 4228 ert,
590 4163 617 4215 in
633 4161 744 4215 eundem
762 4177 859 4215 aunum
877 4163 1029 4227 condolent,
1045 4177 1096 4232 quo
1113 4177 1129 4215 a
1146 4162 1282 4218 Sirmiensi

114 4249 231 4304 coneilio
243 4249 381 4304 damnatae
393 4255 433 4302 eet
443 4249 576 4313 Photinus,
587 4264 681 4318 nempe
693 4245 788 4300 Christi
800 4263 916 4302 oceane.
940 4247 1036 4300 Verum
1052 4263 1100 4300 noe
1117 4263 1150 4301 er
1167 4249 1280 4320 antiquie

114 4337 238 4408 patribus
249 4337 362 4407 primum
373 4335 437 4388 illud
449 4334 549 4388 odorati
557 4349 660 4398 eumue,
672 4339 725 4386 trea
737 4334 842 4386 omnino
851 4337 994 4386 conventus
1003 4333 1182 4404 episcoporum
1191 4334 1282 4390 eodem

114 4423 147 4475 in
158 4421 298 4476 Sirmiensi
310 4419 417 4491 oppido,
432 4437 486 4474 non
503 4417 594 4472 iisdem
606 4419 766 4489 temporibue
778 4419 920 4473 celebratos
930 4417 1020 4472 suinae.
1056 4416 1170 4482 Quorum
1182 4422 1281 4492 primae

115 4507 262 4575 aynodieua
275 4511 301 4558 et
311 4505 423 4558 iudiotue
435 4505 492 4570 luit,
504 4519 564 4558 oum
576 4503 700 4557 adveraue
710 4501 848 4557 Plotinum
860 4503 1023 4575 imperatoria
1033 4503 1114 4558 literia
1131 4507 1205 4560 aooitl
1220 4511 1282 4560 eant

115 4592 250 4663 epiaanpi,
265 4591 359 4660 reliqui
374 4591 425 4646 duo
441 4589 542 4645 fortuiti
551 4589 710 4660 minimeque
725 4589 893 4642 oouoillorunu
908 4589 967 4642 loeo
983 4603 1016 4642 aa
1029 4590 1136 4645 neruine
1151 4589 1281 4655 censendi,
