3126 5046
1121 323 1276 382 omnm

111 477 275 534 'lheodoseto
285 477 462 536 eththsnssio
473 483 610 536 metentur.
626 479 665 534 De
676 479 779 536 hiberlo
790 493 852 535 sero
864 477 1104 536 sumendisnec
1115 479 1160 536 lib.
1169 473 1213 536 έν.
1229 479 1276 536 llis

112 564 149 618 its
160 564 286 620 coniectis
297 565 437 635 imperitos
447 581 517 620 seno
529 565 648 634 sequenti
659 566 735 619 tertio
746 564 855 620 Kmeud.
866 564 951 618 lleiee
963 563 1076 620 Romsm
1090 581 1147 620 ecee
1158 567 1276 632 contulit,

112 655 143 702 nt
156 648 229 704 idem
238 650 393 706 Ammianus
409 655 484 704 sutor
499 651 656 704 estlibxvr.
692 649 742 715 Qui
759 666 819 704 oum
835 649 889 704 illic
907 649 1004 704 diutius
1021 652 1175 706 commorari
1192 652 1276 716 veliet,

112 733 209 788 ruditis
226 735 395 790 berhsrorum
406 735 598 790 incursionibus
608 754 645 790 rv.
655 735 713 790 Ksl
725 735 782 792 lun.
792 735 819 790 in
831 735 966 804 illyricum
980 735 1112 805 proiectus
1128 741 1175 790 esi
1210 736 1277 790 ilum

111 825 201 874 smero
213 819 312 874 Romus
323 818 407 874 edhuc
418 821 559 892 imperstor
575 820 693 891 degeret,
709 819 759 876 hoc
776 825 817 874 est
831 825 891 874 suto
908 839 944 876 ιν.
956 819 1014 874 nn
1025 820 1127 886 lunius,
1143 820 1276 877 liudonius

113 903 295 960 Germsnicise
306 905 334 958 in
345 904 423 974 Syrie
439 906 587 977 episcopm,
605 921 666 960 cum
681 905 714 968 de
729 905 831 960 heoutii
841 904 996 960 Andoohiee
1010 906 1126 978 episcopi
1140 911 1224 962 morie
1237 923 1277 962 re-

111 991 267 1044 nuncietum
277 997 358 1056 esset,
372 991 498 1046 missione
510 1008 527 1046 e
537 991 689 1046 Gonetsntio
700 992 852 1062 impensis,
868 991 897 1044 iu
909 989 1012 1060 Syrium
1023 991 1176 1062 perveniens
1187 993 1277 1046 Antio·

112 1072 322 1132 chenemsodern
331 1081 449 1146 occupet.
468 1075 551 1140 Quem
561 1075 713 1146 dignitatem
723 1076 832 1146 edeptus
841 1075 983 1130 iotueinid
991 1075 1277 1142 neumnensium

112 1166 288 1230 cognomento
306 1156 376 1216 ἄθιον
393 1166 420 1216 et
434 1161 628 1216 Anomoeomm
642 1162 785 1232 principem
800 1161 939 1231 pristinum
954 1161 981 1216 ln
997 1161 1109 1230 predum
1120 1162 1276 1218 restitueret.

110 1245 160 1300 ios
172 1246 244 1302 emm
254 1246 388 1302 sheontio
396 1245 521 1300 disconm
534 1245 680 1311 ordinatus,
691 1263 738 1316 pro
750 1263 781 1300 eo
794 1245 864 1315 qnod
873 1245 957 1300 filium
969 1245 1011 1300 dei
1023 1263 1057 1300 ex
1068 1245 1149 1302 nihilo
1162 1253 1278 1306 cresium

112 1335 139 1384 et
153 1331 236 1401 penis
250 1331 403 1388 dissimilem
419 1337 558 1396 moereret,
576 1331 715 1388 demustus
733 1337 759 1386 et
776 1331 873 1386 eiectus
890 1329 983 1387 lueret.
1019 1330 1100 1386 (luins
1116 1332 1277 1404 inpietstem

111 1431 173 1470 eum
189 1415 288 1472 inseret
303 1415 450 1482 dodorim,
466 1417 563 1472 irmirs
578 1417 654 1472 ilium
669 1417 804 1472 restituere
820 1431 851 1470 se
862 1430 985 1470 revocure
1003 1422 1124 1482 consors,
1143 1422 1172 1474 ui
1187 1419 1279 1474 scribit
1303 1427 1378 1480 otoo.

111 1499 246 1566 erosos,
263 1501 351 1574 pslsm
367 1501 468 1558 ueiens
481 1503 537 1556 eius
549 1501 674 1572 dogmate
689 1502 837 1572 proedicsre
853 1501 951 1571 coepit,
965 1517 999 1556 so
1016 1517 1080 1557 esne
1098 1502 1278 1570 confidentius,

112 1585 183 1657 quod
195 1585 251 1640 Osii
262 1585 436 1642 Cordubensis
447 1588 536 1642 literne
547 1587 687 1652 nocituri,
699 1587 794 1657 quibus
806 1585 890 1642 eidem
901 1586 981 1640 errori
992 1587 1189 1658 subscripserat.

181 1669 254 1734 om
270 1689 331 1728 cum
344 1671 473 1743 Georgius
483 1673 644 1728 Laodicenos
661 1671 896 1736 animadvertisset,
913 1671 1002 1727 literne
1014 1671 1144 1741 hnoyrsm
1159 1673 1192 1729 ed
1203 1673 1278 1728 Besi-

111 1755 178 1812 lium
189 1755 273 1822 dedit,
290 1758 334 1827 qni
350 1757 729 1821 contumeliosissimo,
747 1773 826 1826 quom
843 1761 1037 1822 construxerat,
1055 1758 1191 1814 molosiam
1207 1775 1278 1814 oom-

111 1841 201 1911 mures
212 1857 247 1896 ex
257 1841 376 1898 finitimis
386 1843 516 1914 episcopis
526 1848 690 1900 convocaret
707 1842 801 1899 Habito
813 1841 900 1912 iisque
913 1841 1051 1912 Ancyrsno
1068 1844 1177 1898 concilio
1192 1845 1278 1898 lectis·

113 1942 164 1996 qne
174 1925 283 1997 Georgii
293 1929 374 1982 literis
386 1928 517 1982 decretum
530 1927 594 1982 illud
607 1927 668 1980 fidei
679 1927 812 1980 conditum
824 1932 872 1992 eei,
884 1927 953 1996 qnod
962 1925 1121 1998 Epiphanius
1130 1929 1277 1986 restiterim

112 2020 330 2079 commemorent,
346 2014 373 2068 in
385 2029 438 2084 qno
450 2029 590 2084 suppresse
600 2016 643 2066 rou
657 2008 789 2082 lpooosloo
801 2027 864 2068 voco
879 2008 1031 2082 iporcium,
1047 2011 1098 2068 hoc
1115 2019 1167 2080 eet,
1184 2015 1277 2068 similis

111 2097 182 2167 petri
193 2098 355 2152 subsisntise
366 2098 451 2152 filiurn
462 2114 519 2152 esse
530 2097 642 2169 proiessi
652 2102 722 2152 sunt.
752 2097 839 2166 Aqno
851 2097 1007 2153 Semierieni
1018 2097 1088 2152 dicti.
1118 2097 1186 2154 uum
1197 2099 1278 2170 legati

112 2181 240 2238 Shmium
252 2183 285 2237 sd
296 2184 478 2254 imperatorem
489 2199 506 2236 s
516 2183 616 2253 synodo
628 2183 704 2238 missi
714 2181 827 2238 Breilins
839 2183 970 2252 hncprse,
980 2181 1133 2236 Ensthsn'ne
1144 2183 1278 2249 Sebastos,

113 2267 240 2326 hooutim
252 2269 340 2339 Opsioi
354 2269 478 2340 episcopi.
512 2268 627 2333 Quorum
639 2267 724 2325 studio
736 2266 905 2324 constamus
919 2268 1060 2333 revocetis,
1075 2284 1142 2338 ques
1153 2268 1277 2340 hsphslio

112 2352 227 2410 Eudoxii
243 2354 394 2424 presbytero
411 2361 438 2410 et
449 2355 519 2410 hilii
537 2354 633 2410 tentori
650 2353 766 2418 dederet,
778 2353 860 2409 literis
875 2353 940 2410 ulios
952 2352 1076 2408 sdversus
1084 2353 1234 2410 Eudoxium
1244 2355 1278 2410 sd
1398 2352 1404 2365 “

112 2437 290 2496 summme·
301 2439 413 2512 scripsit
445 2439 558 2496 Subiioli
566 2437 607 2494 hie
619 2439 739 2496 Socrstes
751 2439 923 2497 Ariminensis
934 2439 1037 2495 concilii
1046 2440 1234 2497 narrationem
1250 2440 1278 2494 in

111 2540 166 2594 quo
176 2523 241 2582 unet
257 2519 348 2586 utros
365 2524 411 2582 ills
426 2525 459 2584 sb
471 2523 578 2581 Urssoio
590 2530 617 2578 et
625 2525 733 2580 Veiente
744 2525 877 2595 proposito
892 2529 945 2588 eet,
961 2539 1029 2594 quse
1041 2523 1130 2580 Sirmii
1145 2532 1205 2580 ente
1217 2541 1278 2580 oon·

114 2615 191 2680 cepis
201 2607 296 2664 ineret.
328 2609 488 2666 Sosomouns
499 2615 587 2670 sutem
598 2609 694 2667 hiberii
706 2609 739 2664 ob
756 2609 836 2669 esino
852 2608 967 2668 uersuti
982 2624 1013 2666 sc
1024 2608 1137 2667 Romsm
1147 2608 1278 2664 redeuntis

113 2692 382 2766 bemmnpsrtsxit.

137 2915 208 2982 Qun
223 2915 259 2972 IN
275 2915 320 2971 RE
337 2915 499 2974 nonnulli
516 2912 917 3058 Scssffighrhhfflfflffl
932 2913 977 2968 AB
995 2913 1153 2983 ANTIQUlS
1171 2913 1256 2972 lLLIS

183 3121 259 3188 Quod
275 3123 307 3177 do
319 3122 468 3178 Sirmieneis
484 3120 608 3174 aduersus
619 3119 758 3174 Phoiiuum
776 3121 879 3174 concilii
896 3125 1010 3191 tempore
1022 3119 1142 3174 Socrates
1156 3136 1187 3176 so
1196 3120 1278 3178 Soso-

110 3224 209 3268 monus
221 3208 393 3274 ordinent.
409 3207 533 3266 nimirum
544 3206 637 3276 Sergio
649 3222 681 3262 sc
691 3205 817 3275 Nigrisno
828 3222 895 3260 cose.
906 3205 1065 3260 celebra-turs
1076 3205 1171 3271 inisse,
1184 3207 1228 3276 qni
1240 3212 1279 3260 esi

110 3310 201 3352 onnus
212 3309 289 3350 serso
300 3291 463 3351 Ohrietisnse
475 3307 571 3356 cocus,
583 3291 610 3346 id
620 3291 647 3346 in
659 3290 763 3362 mugnis
775 3292 920 3351 Annalibus
932 3291 965 3348 sd
977 3307 1076 3347 monum
1087 3305 1204 3348 coonvn.
1215 3291 1278 3346 dno·

112 3380 165 3436 bns
175 3379 219 3436 rel
229 3378 311 3435 trihus
323 3379 475 3449 pressertim
490 3377 652 3447 argumentis
662 3375 794 3431 refellitur.
829 3375 946 3440 Quorum
961 3377 1126 3430 entoritstem
1141 3377 1224 3432 secuti
1239 3392 1279 3430 re·

108 3465 180 3534 liqut
189 3463 383 3520 ecclesiaticae
398 3461 523 3518 historico
539 3467 736 3532 temporumque
754 3460 899 3517 conditores
914 3475 975 3516 cnm
991 3461 1084 3516 erroris
1100 3461 1205 3518 eosdem
1218 3462 1278 3516 illos

108 3551 255 3621 scriptores
269 3549 433 3613 insimulent,
449 3553 505 3602 tum
521 3563 590 3602 enno
607 3545 702 3602 Christi
714 3561 829 3602 coortu.
842 3545 994 3602 Gomoario
1005 3563 1041 3604 rx,
1054 3552 1081 3600 et
1090 3546 1192 3602 trumo
1209 3563 1277 3602 coss.

108 3636 269 3692 Munium
280 3634 308 3688 in
319 3634 457 3688 Sirmiensi
466 3633 637 3688 oonoilisbulo
650 3631 790 3688 Photinum
801 3637 928 3688 mimoni.
956 3631 1118 3701 hegumeno
1129 3649 1206 3702 porro
1217 3637 1280 3686 suni

108 3719 258 3776 eiusmodir
275 3719 402 3790 imprimis
420 3717 540 3774 Socrates
557 3734 588 3770 oc
605 3717 766 3775 Sosomsuus
784 3723 920 3781 testsntur,
938 3715 1030 3776 Oeium
1040 3715 1234 3774 cordubensem
1246 3717 1279 3770 ed

106 3805 287 3861 sirmiensem
297 3803 427 3874 synodum
439 3803 549 3858 inuitum
561 3803 716 3867 accessisse,
727 3802 816 3872 ibique
824 3802 849 3856 ui
861 3817 892 3859 sc
903 3802 1038 3857 tormentis
1048 3807 1178 3858 extortum
1189 3802 1223 3856 sb
1234 3801 1278 3856 illo

106 3890 253 3946 Athenssii
263 3889 466 3945 inunctionem.
488 3888 568 3958 Atqui
578 3887 683 3944 nonnisi
693 3887 808 3957 rolegsto
820 3887 874 3940 iem
884 3885 1000 3952 Liberio,
1016 3893 1156 3956 postquam
1173 3887 1280 3956 insuper

104 3991 216 4032 snnnm
227 3974 281 4031 ism
291 3975 423 4044 ntegrum
434 3973 524 4028 sumit
535 3980 604 4029 osset
614 3989 631 4026 e
642 3971 794 4028 Constsntto
805 3971 937 4036 detentus,
949 3987 1010 4028 cum
1020 3971 1123 4027 Arionis
1135 3970 1279 4028 communi·

104 4058 530 4129 “viocenomanensis
542 4058 705 4128 docetopist.
717 4056 748 4110 od
760 4055 909 4114 Solitorioss
922 4051 1279 4126 ileliorlliopropm'umriprr

105 4151 203 4202 roseos
216 4142 276 4198 otoo
287 4141 395 4201 tonores
406 4141 430 4196 ἐν
443 4147 480 4216 τῷ
491 4143 599 4214 hippion,
611 4143 696 4196 Eritis·
704 4144 758 4195 loco
767 4160 859 4194 cosmos
867 4146 992 4210 ioteyrum
1000 4139 1090 4194 Sirmii
1097 4143 1167 4194 ilium
1176 4143 1277 4197 detinet.

102 4231 236 4288 Liberius
247 4234 343 4295 entem,
355 4235 385 4284 nt
395 4245 430 4284 ex
438 4229 547 4284 Socrate
554 4233 581 4282 et
588 4227 726 4284 Ammiano
735 4227 824 4297 liqnet,
835 4245 888 4284 nou
897 4233 957 4285 ente
967 4226 1060 4282 Christi
1073 4243 1172 4280 cunum
1182 4239 1277 4282 conns.

103 4317 257 4376 Arbetione
271 4315 373 4370 scilicet
383 4321 409 4368 et
420 4314 538 4368 Lollisno
550 4330 617 4368 coss.
629 4312 656 4366 in
668 4312 776 4366 exilium
788 4313 864 4378 obiit,
881 4329 941 4366 cum
955 4311 1145 4378 Mediolanum,
1160 4313 1207 4368 ubi
1221 4317 1279 4368 ium

103 4401 285 4462 Gonstsntius
300 4407 367 4466 eret,
384 4399 469 4454 Rome
485 4404 555 4452 esset
570 4398 680 4452 excitus.
702 4396 860 4452 Athanasius
871 4413 933 4453 roro
949 4397 1040 4452 eodem
1055 4397 1100 4452 illo
1111 4398 1178 4454 libro
1188 4397 1280 4454 scribit

103 4490 208 4544 Osinm
220 4503 255 4540 ex
266 4485 393 4556 Hisponis
407 4486 520 4556 primum
532 4483 677 4538 Constantii
693 4483 774 4536 literis
791 4483 904 4536 nocitum
918 4483 1094 4538 Modiolenm
1105 4483 1223 4548 venisse,
1239 4484 1278 4538 in-

101 4575 254 4642 didemque
266 4571 295 4624 in
304 4571 418 4642 petrium
428 4572 462 4626 sb
473 4571 519 4626 illo
535 4569 687 4634 remissum,
703 4569 781 4640 poulo
798 4573 858 4639 post
872 4569 968 4626 herum
983 4573 1119 4630 ernostum
1136 4586 1207 4625 meno
1222 4573 1278 4622 into

162 4674 235 4727 eorp.
247 4673 373 4716 ilsereseoi.
381 4673 420 4714 111.
1058 4671 1077 4727 s
