3138 5044
322 337 405 394 CXIV

389 493 430 548 Ex
443 493 475 548 iis
487 499 621 564 praeterea
633 493 726 548 sonitui
736 499 824 566 potest
834 494 896 566 quid
912 495 947 548 sit
963 494 1033 565 quod
1043 491 1204 566 Epiphanius
1215 493 1242 548 iu
1255 495 1366 550 obseura
1376 493 1423 548 illa
1432 493 1481 548 lie

320 579 389 633 rodis
407 596 535 634 annorum
552 577 724 634 declaratione
741 586 802 650 post
817 599 846 634 ιι
859 581 935 651 regni
952 581 1009 634 eius
1025 595 1108 634 annos
1125 579 1248 634 ludum
1265 581 1291 633 in
1302 579 1482 634 Romanorum

320 666 446 718 ditionem
456 665 559 735 penitus
577 665 686 720 ιιιιίιιι
698 665 780 731 diest,
797 671 952 736 seoutoaque
964 683 1029 720 urr
1041 680 1138 731 annos,
1151 664 1215 718 adeo
1227 671 1257 718 ut
1267 681 1363 720 xxrm.
1377 665 1481 720 demum

318 750 428 804 Herodis
440 767 509 804 anuo
522 747 637 804 (lhristus
648 755 726 804 natus
738 751 780 804 sit.
803 750 903 805 Caussa
914 751 984 804 enirn
1000 749 1065 804 haeo
1080 755 1133 816 est,
1150 751 1220 820 quod
1235 765 1294 804 oum
1305 750 1423 805 Eusebio
1434 751 1482 804 lie-

319 835 389 890 rodis
400 836 504 890 initium
515 836 621 890 confiuit
631 837 658 888 in
670 851 768 892 annum
779 835 910 890 lulianum
921 853 981 902 xm,
993 836 1034 889 vol
1045 853 1115 902 mu,
1126 851 1143 888 a
1154 851 1206 907 quo
1217 836 1250 889 ad
1261 853 1328 901 ava,
1340 837 1389 908 qui
1397 837 1482 890 Aetia·

319 937 377 974 oum
389 922 524 976 victoriam
535 921 652 992 excepit,
663 922 726 976 anni
737 927 799 974 sunt
809 928 929 993 quatuor.

387 1007 561 1061 Concludatur
578 1023 612 1060 ex
626 1005 730 1077 losephi
744 1013 771 1060 ot
780 1007 871 1061 Dionis
887 1007 1016 1060 sententis
1031 1010 1163 1060 mortuum
1174 1005 1301 1062 llerodeur
1312 1007 1398 1061 videri
1414 1021 1481 1061 anno

320 1091 419 1146 Iuliano
431 1111 496 1148 xuni.
520 1091 594 1156 Quod
605 1092 628 1144 si
639 1108 730 1145 verum
741 1098 794 1158 est,
804 1092 900 1146 natalis
913 1090 1009 1146 Ghr'mti
1019 1092 1047 1145 in
1058 1107 1157 1146 anuum
1167 1111 1221 1148 xus.
1232 1109 1294 1146 oum
1304 1091 1432 1158 Deberio,
1443 1093 1482 1146 rel

319 1195 363 1232 ιι.
376 1185 439 1231 ιιιιιιΙ
447 1178 569 1249 Koploro,
581 1177 752 1231 conterendus
765 1177 826 1244 erit,
837 1195 890 1232 nou
902 1183 932 1232 ut
940 1178 1032 1250 vulgo,
1044 1177 1072 1231 in
1081 1195 1141 1230 ιιι.
1158 1177 1197 1231 De
1209 1195 1260 1248 quo
1272 1179 1400 1232 abentius
1412 1179 1482 1248 eogi-

318 1263 428 1317 tandum
445 1278 550 1327 conseo,
567 1279 615 1316 neo
628 1263 699 1316 illius
715 1263 844 1333 opinionis
860 1263 974 1317 lautores
991 1261 1150 1316 aoonsandoa
1167 1261 1384 1334 daunnandosque
1405 1271 1482 1318 antea

320 1365 399 1419 quam
410 1363 499 1403 eorum
511 1347 660 1418 disoeptatis
672 1363 703 1401 ao
714 1347 878 1402 labefactatis
895 1349 1040 1403 rationibus
1055 1349 1202 1402 eommunis
1213 1349 1334 1418 Dionysii
1349 1364 1415 1402 aera
1430 1365 1482 1403 oer-

319 1435 371 1487 tius
383 1434 544 1500 adstruatur;
556 1433 626 1506 quod
637 1449 654 1486 a
664 1434 768 1488 nomine
779 1433 812 1488 ad
823 1431 891 1487 hano
902 1447 987 1505 usque
995 1434 1064 1488 diem
1072 1433 1147 1488 rideo
1159 1449 1216 1490 ease
1227 1434 1338 1500 tautum,
1350 1449 1402 1489 neo
1414 1451 1432 1488 a
1441 1451 1482 1490 me

319 1520 445 1591 praestari
456 1535 533 1591 posse
543 1519 657 1590 ingenue
668 1535 699 1574 ae
710 1519 820 1574 libenter
830 1519 960 1590 profiteor.

593 1671 809 1728 malchion
825 1629 994 1730 llPlPIlANIl
1009 1672 1206 1730 SENTENTIA.

386 1777 460 1832 Nono
468 1777 607 1849 Epiphanii
616 1777 752 1841 sententia,
762 1775 835 1830 ouius
843 1776 1027 1848 intelligendas
1036 1777 1122 1847 gratia
1130 1775 1194 1830 haeo
1202 1792 1218 1829 a
1226 1777 1303 1830 nobis
1312 1781 1354 1829 ost
1361 1776 1482 1830 instituta

319 1863 472 1934 disputatio,
489 1862 644 1934 exponenda
654 1861 762 1917 ridetur.
795 1861 868 1915 Hane
880 1861 950 1916 enim
961 1862 1117 1933 perobsoure
1129 1862 1173 1915 ille
1188 1874 1252 1916 sane
1268 1866 1347 1932 atque
1358 1863 1482 1933 impedite

320 1949 440 2004 declarat
463 1947 563 2019 Quippe
574 1965 645 2002 num.
654 1963 719 2000 xxii.
731 1945 845 2000 haeresis
862 1945 939 2000 huius
951 1945 1082 2001 Christum
1099 1948 1192 2000 asnonio
1206 1961 1275 2000 anno
1290 1947 1408 2018 Augusti
1419 1965 1481 2004 xum

318 2041 410 2088 natum
423 2049 493 2099 esse,
505 2032 612 2087 Herodis
625 2036 725 2089 1¹me
744 2031 827 2102 Igitur
841 2049 937 2088 novom
954 2033 1030 2086 annia
1042 2033 1178 2103 Augustus
1189 2031 1318 2086 Herodem
1329 2035 1480 2089 ιιιιιιιιιίι
1558 2053 1559 2086 ;

320 2119 372 2173 Sed
389 2119 483 2172 mirum
499 2133 579 2188 quem
594 2115 658 2170 hseo
675 2117 798 2188 perplexe
814 2117 980 2174 demonstret.
1001 2117 1145 2189 inoperasse
1156 2123 1231 2188 putat
1241 2117 1395 2187 Augustum
1406 2120 1482 2172 annis

319 2221 369 2258 ιιιι
385 2209 525 2274 antequam
540 2203 636 2256 Iudaea
646 2203 750 2273 penitus
763 2203 795 2256 ad
806 2203 939 2257 Ιιοιιιιιιοι
954 2203 1113 2270 transiisset,
1130 2219 1161 2258 ao
1175 2209 1237 2274 post
1252 2203 1358 2258 initium
1368 2204 1482 2275 Augusti
1558 2251 1559 2272 ,

321 2295 431 2360 quatuor
446 2289 505 2360 plus
520 2289 608 2342 minus
623 2288 700 2341 annis
717 2287 812 2358 elapsis
823 2289 890 2342 iuter
900 2288 1010 2343 Iudaeos
1022 2303 1053 2342 ao
1064 2287 1197 2344 Romanos
1208 2289 1350 2342 amititiam
1362 2295 1390 2342 ot
1400 2291 1481 2344 sooie

319 2381 399 2428 tatem
410 2373 601 2439 intercessisse,
617 2379 673 2436 tum
684 2389 745 2427 uero
756 2381 950 2445 procuratorem
961 2373 1124 2444 impositum,
1142 2389 1173 2428 ao
1188 2373 1346 2428 tributorum
1361 2373 1481 2428 nonnihil

319 2459 457 2525 indictum,
474 2459 556 2512 donoo
571 2459 599 2512 in
611 2458 757 2512 Romanam
771 2458 896 2514 ditionem
907 2459 1002 2514 Iudaea
1016 2460 1120 2530 penitus
1136 2459 1240 2513 redama
1251 2475 1283 2512 ao
1292 2460 1434 2529 ιιιιιςιιιι
1445 2465 1482 2512 ιιι
1558 2493 1559 2518 ι

318 2547 400 2611 touta,
416 2561 476 2600 eum
493 2545 546 2598 iam
560 2544 688 2616 principes
699 2543 738 2598 illi
749 2543 781 2598 de
791 2545 860 2599 inibo
872 2543 937 2598 luda
947 2544 1096 2610 desiissent,
1111 2549 1190 2614 etque
1200 2543 1314 2598 Herodes
1325 2546 1481 2615 peregrinus

319 2637 345 2685 et
356 2631 503 2702 alienigena
512 2645 624 2701 rognum
635 2635 796 2701 occupasset
819 2629 892 2694 Quae
907 2631 995 2684 omnia
1006 2629 1094 2700 (paulo
1106 2635 1168 2700 poet
1176 2629 1273 2700 inquit)
1283 2629 1402 2700 pertenta
1413 2635 1481 2693 sunt,
1558 2619 1559 2630 ¹

319 2734 378 2770 oum
390 2718 424 2770 ab
437 2723 494 2770 ortu
506 2714 602 2770 Christi
612 2715 771 2786 coepissent,
783 2731 851 2769 anno
863 2715 976 2785 Augusti
985 2731 1062 2779 rurs,
1075 2715 1120 2785 qui
1131 2719 1158 2768 et
1167 2731 1252 2768 nonus
1264 2719 1321 2768 erat
1331 2730 1348 2768 a
1359 2729 1480 2786 procura·

318 2804 388 2857 tione
400 2802 542 2873 Antipatri,
559 2817 618 2854 oum
635 2800 745 2854 ludaeos
762 2801 830 2854 inter
846 2805 874 2854 et
887 2799 1019 2854 Romanos
1035 2815 1090 2870 pax
1106 2805 1134 2854 ιι
1150 2800 1261 2854 societas
1282 2805 1353 2853 esset
1373 2816 1407 2854 ae
1428 2801 1480 2854 ianr

319 2893 439 2958 quartum
456 2903 553 2941 annum
570 2889 692 2956 regnaret
704 2885 827 2939 llsrodes.
861 2885 996 2940 Postremo
1012 2890 1072 2955 post
1089 2890 1200 2954 quatuor
1218 2884 1327 2938 Herodis
1346 2901 1434 2939 annos
1456 2891 1481 2938 at

319 2973 433 3042 quinque
449 2973 638 3042 procurationis
654 2971 783 3042 Antipatri
803 2971 908 3024 demum
923 2969 1020 3024 Iudaea
1033 2971 1137 3040 penitus
1157 2970 1281 3024 Romanis
1296 2975 1338 3024 est
1353 2971 1480 3036 subiecta,

319 3073 402 3128 usque
417 3055 451 3110 ad
462 3075 556 3112 xxxin.
568 3055 676 3112 Herodis
692 3071 803 3122 annum,
821 3057 866 3127 qui
883 3061 923 3110 est
935 3056 1049 3128 Augusti
1060 3073 1137 3122 ann..
1154 3072 1214 3110 oum
1230 3073 1298 3110 xxm
1313 3056 1391 3110 aunis
1402 3057 1481 3110 veeti-
1558 3095 1559 3104 ι

319 3143 386 3212 galis
398 3142 503 3196 omnino
515 3141 616 3195 inisset.
1274 3157 1276 3160 ·
1558 3205 1559 3224 χ

386 3227 441 3281 Ηιι
451 3225 589 3297 Epiphanii
600 3227 715 3294 oratione
726 3227 828 3280 nullum
836 3225 962 3297 Sphingis
973 3226 1097 3298 aenigma
1106 3226 1255 3297 perplexius
1266 3241 1325 3280 esse
1335 3231 1411 3297 puto,
1429 3225 1480 3280 Sed

318 3312 368 3367 hoo
378 3318 466 3365 ιιιιιιι
476 3311 590 3366 uoluisse
601 3312 714 3366 videtur:
726 3313 876 3382 Augustum
886 3313 971 3384 primo
983 3321 1032 3366 nir
1043 3312 1119 3366 annis
1130 3312 1283 3382 imperasse,
1303 3313 1400 3382 quibus
1416 3329 1480 3367 non·
1558 3375 1559 3382 χ

320 3399 382 3452 dum
390 3397 486 3452 iudaea
493 3413 599 3468 prorsus
608 3397 785 3451 Romanorum
793 3398 902 3470 imperio
913 3403 1039 3463 cessaret,
1051 3413 1082 3451 ao
1093 3401 1153 3468 post
1164 3403 1275 3468 quatuor
1284 3398 1386 3468 priores
1397 3413 1480 3452 mnus
1558 3423 1559 3456 l

318 3484 431 3554 Augusti
446 3484 613 3554 Antipatrum
629 3483 806 3554 quinquennio
822 3488 1017 3553 procuratorem
1033 3482 1128 3548 tuisse,
1143 3482 1273 3536 Herodem
1288 3482 1394 3549 deinde,
1410 3491 1480 3555 post·

319 3585 399 3640 quam
410 3569 443 3622 ab
453 3569 572 3638 Augusto
584 3584 695 3638 regnum
707 3568 830 3633 obtinuit,
842 3574 954 3638 quatuor
965 3583 1049 3621 annos
1058 3568 1181 3622 tenuisse.
1197 3567 1238 3621 lta
1245 3565 1314 3621 fiunt
1324 3568 1358 3620 ab
1367 3570 1481 3640 August¹
1558 3579 1559 3626 i

318 3655 392 3709 initio
405 3655 467 3708 anni
475 3671 532 3708 ιιιι.
554 3654 657 3724 Reliqui
668 3659 730 3706 sunt
738 3671 814 3719 xm,
832 3653 926 3722 quibus
938 3653 1050 3707 Romani
1060 3651 1184 3706 Iudaeam
1194 3653 1299 3724 penitus
1311 3661 1481 3725 oaouparunt,

318 3757 401 3812 usquo
414 3739 447 3792 ad
456 3740 569 3810 Augusti
580 3757 651 3804 xuni,
663 3738 772 3793 Herodis
784 3755 886 3803 xxxin,
898 3755 950 3808 quo
962 3745 1039 3792 uatus
1051 3743 1092 3791 ιιι
1101 3737 1230 3794 dominus.
1247 3737 1315 3792 uam
1327 3737 1362 3791 ad
1373 3757 1426 3794 arn
1437 3739 1480 3794 ad·
1558 3783 1559 3808 ,

319 3827 366 3880 diti
377 3843 442 3880 xxix
457 3825 598 3878 conficiunt
608 3841 676 3888 ιιιι,
693 3813 835 3893 itidemque
852 3823 876 3877 si
891 3823 925 3878 ad
942 3829 1053 3894 quatuor
1065 3821 1144 3876 addas
1156 3841 1221 3877 xarx
1231 3822 1405 3878 fientmrm
1428 3825 1481 3878 Hos
1558 3893 1559 3898 ἵ

318 3918 406 3965 auum
417 3927 480 3964 mx
493 3899 577 3963 annos
589 3909 622 3962 ab
634 3925 665 3962 eo
678 3909 782 3963 deducit
792 3909 838 3978 qui
848 3909 981 3962 Actiacam
990 3908 1124 3962 victoriam
1135 3913 1241 3962 secutus
1251 3913 1305 3972 est,
1316 3906 1422 3962 Iuliano
1433 3911 1481 3963 soi·

317 3998 379 4050 lieet
394 4015 447 4051 rvr.
453 4036 460 4062 ,
478 4011 557 4065 aquo
574 3995 713 4047 vicesimus
730 4011 816 4047 nonus
834 3999 875 4046 ιιι
890 3993 1006 4048 lulianus
1019 4011 1101 4058 suu,
1120 4009 1171 4064 qno
1188 3999 1265 4048 nutus
1282 3992 1315 4048 ab
1332 3991 1480 4065 Epiphanio
1558 4033 1559 4044 ,

319 4081 436 4135 Christus
450 4081 564 4152 ponitur,
579 4080 699 4149 Augusto
710 4095 768 4136 ura
780 4084 807 4130 ιι
817 4077 907 4132 Silano
919 4095 986 4132 cosa.
1019 4079 1059 4132 lta
1076 4079 1180 4148 quidem
1190 4077 1350 4148 Epiphanius
1366 4080 1482 4133 mlsoons

320 4169 418 4232 omnia,
429 4183 478 4220 neo
490 4165 614 4219 historiae
626 4165 690 4217 satis
702 4163 843 4217 consultus.
861 4163 909 4218 list
919 4165 989 4218 onim
999 4162 1096 4218 falsum
1107 4163 1235 4234 imprimis
1244 4163 1412 4234 Antipatrum
1424 4181 1482 4236 pm-
1558 4165 1559 4208 i

319 4257 464 4304 curatorem
474 4251 508 4304 ab
519 4251 639 4320 Augusto
651 4265 709 4302 ease
719 4249 831 4315 tautum,
847 4247 962 4320 adeoque
979 4254 1040 4319 post
1055 4255 1166 4320 quatuor
1180 4249 1281 4319 imperii
1291 4249 1376 4319 ipsius
1388 4266 1481 4313 annos,
1558 4259 1559 4272 ¹

319 4340 349 4387 ut
360 4351 394 4387 ex
405 4335 437 4388 iis
449 4341 521 4405 patet
532 4351 599 4406 qnae
611 4351 690 4404 supra
701 4351 715 4388 e
726 4333 836 4404 Iosepho
847 4334 1057 4405 perstrinximus.
1092 4333 1160 4388 Nam
1168 4335 1304 4405 Antipater
1313 4333 1427 4388 Herodis
1438 4351 1481 4406 ps·

319 4435 379 4473 reus
390 4419 513 4473 iudaeam
528 4421 707 4476 administrare
724 4420 809 4490 ooepit
825 4435 893 4474 anuo
909 4421 968 4485 illo,
985 4437 1037 4491 quo
1051 4419 1132 4474 Iulius
1145 4419 1240 4473 (laesas
1254 4418 1354 4474 bollum
1365 4421 1480 4476 Alexan·

319 4506 423 4558 drinum
440 4505 535 4573 gessit,
552 4507 597 4574 qui
613 4511 654 4558 est
670 4503 821 4570 orbetur,
838 4521 889 4575 quo
906 4505 997 4559 eodem
1014 4522 1084 4558 anno
1095 4504 1210 4560 Herodes
1223 4503 1357 4559 Galilaeae
1374 4521 1392 4558 a
1408 4512 1480 4576 patra

319 4590 481 4662 praepositus
493 4594 540 4640 est.
563 4591 680 4643 Mortuus
697 4596 738 4644 est
753 4595 839 4644 autom
856 4589 991 4663 Antipater
1006 4605 1075 4644 anno
1086 4589 1163 4644 Urbis
1174 4589 1245 4656 712,
1259 4589 1362 4645 Iuliano
1378 4595 1480 4662 quarto.
