3138 5044
1175 363 1246 416 CXV

85 517 125 570 lta
135 517 253 588 quinque
263 518 324 589 plus
340 518 428 572 miuus
444 517 519 572 suuis
532 516 574 584 τὴν
586 515 717 587 ἐπιτροπὴν
729 517 933 582 administrauit3
949 517 1019 588 quod
1035 517 1120 570 innuit
1135 516 1246 588 Epipha-

85 603 154 658 nius.
177 601 230 656 Sed
241 603 311 656 idern
321 602 510 668 hallucinatus,
522 603 621 674 opinor,
632 619 680 673 pro
691 603 756 658 lulio
769 602 879 656 anears
890 601 1041 672 Augustum
1052 603 1166 672 scripsit,
1179 603 1247 672 quod

84 686 154 740 hunc
164 689 254 759 ipsum
264 689 428 742 meminisset
442 689 522 742 etiam
537 689 565 741 iu
576 689 697 759 Aegypto
713 693 740 742 et
750 688 923 742 Alexandriae
939 689 1037 742 bellum
1053 689 1175 758 gessisse.
1198 689 1248 742 De-

84 773 144 826 inde
157 789 243 844 neque
253 773 317 827 illud
328 790 418 828 rerum
431 777 481 840 est,
496 773 620 827 Iudaeam
630 779 692 844 post
701 774 834 828 Audacem
846 774 952 828 demum
962 774 1098 826 victoriam
1110 774 1143 826 ad
1153 774 1248 828 Roma·

84 875 132 912 ucs
144 859 295 929 pervenisse
311 857 475 930 stisdqepes
492 859 586 924 titisse,
604 875 665 914 cum
681 858 807 913 hactenus
824 859 936 914 societas
953 859 1142 913 intercessisset
1158 875 1189 912 ac
1204 860 1248 912 tri-

84 945 150 997 buta
166 945 222 998 sire
236 944 325 1016 potius
337 959 448 998 munera
457 943 637 1015 penderentur.
660 944 763 998 Etenim
773 945 852 1016 longe
865 949 924 998 ante
935 959 1053 1016 pugnam
1064 944 1198 998 Actiacam
1207 944 1249 998 lu·

84 1029 152 1084 daea
161 1028 339 1083 Romanorum
349 1030 377 1083 iu
389 1033 544 1112 potestatem
556 1029 627 1083 veuit
645 1035 671 1082 et
688 1030 787 1084 tributa
800 1031 933 1101 persolvit.
966 1030 1082 1093 Primus,
1098 1031 1150 1084 ulei
1166 1031 1249 1096 fallor,

83 1113 225 1184 Pompeius
242 1113 366 1169 Cicerone
383 1114 533 1173 etAntouic
551 1131 618 1170 coss.
637 1113 714 1169 Urbis
725 1115 783 1169 791.
799 1115 985 1185 Hierosolymis
1005 1117 1163 1186 expugnatis
1183 1115 1251 1169 hanc

83 1202 171 1271 ipsam
180 1201 274 1254 arbem
284 1201 439 1270 uectigalem
449 1200 566 1254 reddidit.
594 1199 720 1271 Iosephus
732 1201 839 1255 lib.x1v.
851 1217 908 1272 cap.
917 1219 972 1255 xus
990 1201 1031 1254 ccl
1047 1201 1077 1252 τὰ
1089 1201 1132 1272 μὲν
1144 1200 1250 1272 ‘lepont-

84 1284 154 1356 λομο
166 1283 273 1352 ὑποτελῆ
287 1287 365 1356 φόρον
374 1284 507 1356 Ῥωμαίοις
519 1283 638 1352 iuoiqccs.
660 1285 738 1339 hdox:
750 1286 839 1338 reduco
851 1291 895 1339 τοῦ
908 1284 998 1347 πάθους
1010 1289 1061 1348 τοῖς
1070 1285 1250 1358 Ἱεροσολύμοις

85 1370 159 1422 αἴτιοι
172 1371 325 1436 κατέστησαν
335 1369 453 1442 Ὑρκανὸς
464 1370 505 1423 acl
513 1369 701 1441 Ἀριστόβουλος
710 1370 771 1442 πρὸς
783 1370 907 1438 ἀλλήλους
918 1370 1099 1433 στασιάσοντος
1112 1374 1155 1439 τήν
1166 1389 1192 1425 τε
1203 1373 1250 1445 γὰρ

84 1453 224 1524 ἐλευθερίαν
241 1452 398 1526 ἄτιβάλομεν
415 1456 455 1508 rel
472 1455 577 1523 ὑπήκοοι
588 1454 719 1526 Ῥωμαίων
736 1456 894 1528 κατέστημεν.
928 1457 1011 1527 Igitur
1026 1457 1059 1512 ab
1074 1459 1119 1511 illo
1135 1465 1250 1529 tempore

84 1541 213 1594 &mnis
228 1540 325 1594 Iudaea
340 1543 427 1612 paruit
442 1557 491 1596 nec
507 1559 569 1596 suos
584 1555 661 1612 reges
677 1541 781 1606 habuit,
798 1543 847 1595 etsi
862 1542 1013 1611 aliquandiu
1028 1541 1170 1597 conflictati
1181 1551 1250 1602 sunt.

83 1625 208 1695 Hyrcano
219 1626 323 1696 quidem
334 1627 501 1696 pontificatus
518 1627 623 1680 relictus
640 1633 692 1691 est,
708 1643 725 1680 a
741 1626 852 1680 Gabinio
868 1628 1020 1698 praesertim
1037 1629 1095 1698 qui,
1110 1635 1140 1681 ut
1155 1645 1211 1699 cap.
1224 1647 1250 1682 x.

84 1711 129 1766 lib.
141 1729 197 1766 xrs.
213 1711 315 1777 scribit,
333 1713 448 1782 quinque
465 1711 592 1781 synedriis
607 1712 635 1766 iu
647 1711 743 1766 ludusa
758 1712 890 1765 collocatis
907 1713 1097 1766 aristocratiam
1108 1715 1249 1768 constituit.

84 1796 149 1849 Post
159 1795 225 1849 haec
237 1795 360 1850 adversus
371 1797 521 1867 Hyrcanum
530 1795 678 1850 Alexander
689 1802 716 1850 et
723 1797 872 1866 Antigonus
883 1795 1026 1851 Aristobuli
1036 1798 1083 1851 filii
1095 1800 1194 1869 aliquot
1205 1816 1250 1853 au·

84 1882 126 1934 uis
138 1887 285 1948 certarunt,
296 1881 441 1954 iisdemque
452 1899 498 1952 pro
509 1882 630 1951 Hyrcano
642 1887 746 1936 ebenus
758 1883 893 1952 Antipater
904 1884 1012 1949 restitit,
1027 1885 1072 1954 qui
1084 1900 1100 1936 e
1110 1883 1175 1938 lulio
1189 1884 1250 1939 Gae-

85 1981 145 2020 sare
155 1971 250 2036 postea
259 1965 303 2034 τὴν
315 1964 446 2038 ἐπιτροπὴν
456 1973 550 2021 nactus
562 1973 603 2020 est
617 1983 648 2020 ac
659 1984 705 2040 per
717 1968 787 2022 idern
798 1971 902 2039 tempus
916 1969 1006 2039 populi
1014 1969 1090 2024 Rom.
1099 1971 1250 2024 societatem

85 2059 113 2106 et
123 2051 268 2106 amicitiam
279 2053 435 2124 inpetravit.
457 2053 497 2106 De
514 2069 566 2124 quo
583 2053 718 2124 complura
729 2052 848 2106 (lassaris
860 2053 963 2107 decreta
974 2055 1043 2124 apud
1055 2054 1194 2126 losephum
1205 2073 1250 2110 ex·

86 2137 266 2193 taurilibus.
280 2155 335 2209 cap.
344 2157 409 2193 ινιτ.
432 2137 484 2192 Sed
496 2137 658 2192 antecedenti
674 2139 759 2208 capite
772 2137 877 2208 losephi
894 2155 928 2192 au
939 2129 1037 2193 librarii
1049 2139 1251 2195 hallucinatione

87 2223 195 2288 accidit,
212 2227 241 2277 ut
256 2239 316 2277 cnm
332 2229 437 2278 senetur
450 2223 581 2278 decretum
597 2223 629 2277 de
640 2224 721 2277 muris
732 2224 973 2294 Hierosolymorum
984 2224 1129 2279 reficiendis
1140 2228 1173 2289 ab
1187 2227 1251 2296 Hyr·

86 2323 155 2362 cano
167 2309 270 2364 iuniore
284 2309 453 2381 impetratum
463 2311 542 2363 uellet
553 2309 710 2374 adscribere,
728 2309 798 2362 uliud
815 2310 990 2376 subiunxerit,
1009 2310 1078 2380 quod
1095 2312 1122 2364 in
1140 2314 1251 2380 gratim

85 2393 204 2463 Hyrcani
220 2394 436 2448 maiorisiactum
446 2394 544 2460 iuerat,
561 2395 604 2448 cui
615 2396 725 2448 alterum
736 2393 934 2448 Atheniensium
944 2393 1107 2466 psephisma,
1123 2398 1192 2468 quod
1209 2415 1251 2451 eo·

86 2479 147 2532 dem
158 2479 319 2549 pertinebat,
331 2480 476 2550 adscripsit.
494 2479 569 2544 Quod
581 2481 686 2550 quidem
696 2480 809 2534 Eusebio
820 2479 905 2533 fraudi
920 2479 971 2534 iuit
987 2481 1033 2550 qui
1048 2481 1082 2534 ad
1093 2497 1191 2536 aunum
1202 2488 1252 2536 tar·

86 2565 154 2620 tium
171 2565 232 2618 Iulii
248 2563 380 2631 (laesuris,
397 2565 500 2636 Olymp.
515 2579 661 2621 onxxxvrn.
678 2566 795 2631 tertium,
816 2565 935 2630 adnotat,
956 2565 1088 2620 decretum
1103 2573 1209 2620 senatus
1226 2575 1253 2620 et

85 2649 288 2704 Atheniensium
305 2651 338 2704 ad
349 2651 459 2705 ludaeos
474 2667 532 2704 esse
548 2652 670 2716 missum,
686 2652 731 2721 qui
746 2651 908 2720 perlegales
923 2650 1066 2703 amicitiam
1081 2653 1252 2720 postularant.
1312 2651 1314 2654 ’

85 2736 144 2790 Ηοο
155 2751 217 2790 sero
229 2735 275 2790 diu
285 2741 345 2790 aute
357 2741 461 2806 gestum
472 2743 529 2790 erat
540 2737 590 2790 sub
600 2737 721 2806 Hyrcano
733 2736 846 2800 seniore,
858 2741 888 2787 ut
899 2735 980 2787 cuivis
992 2739 1107 2805 apparet.

155 2821 227 2876 Haec
238 2821 327 2892 itaque
339 2821 450 2875 societas
465 2827 506 2875 est
517 2823 568 2875 illa
583 2827 609 2874 et
620 2821 735 2874 amicitia
746 2835 824 2889 quam
837 2820 886 2873 sub
897 2820 1011 2889 Augusti
1020 2820 1124 2873 initium
1135 2822 1202 2874 iuter
1212 2823 1252 2876 lu·

86 2906 170 2962 duos
182 2913 210 2962 et
220 2905 353 2962 Romanos
364 2907 537 2960 iustaurstam
548 2905 625 2959 docet
634 2903 807 2976 Epiphanius,
819 2921 887 2974 quae
899 2904 931 2956 ad
940 2905 1000 2958 Iulii
1008 2903 1127 2959 (laeseris
1136 2913 1253 2978 tempora
1277 2937 1299 2977 p.
1309 2924 1351 2965 ras.

88 2993 168 3046 debet
179 2993 282 3058 referri,
295 3007 355 3047 cum
363 2993 500 3062 Hyrcanas
511 2990 666 3044 ludaeorum
676 2989 796 3060 pontifex
808 2995 834 3043 et
845 2988 985 3043 ethnarcba
996 2990 1085 3044 abillo
1096 2993 1251 3048 constitutus

87 3085 138 3134 est.
163 3079 202 3132 Ac
218 3083 275 3131 tum
292 3077 397 3148 quidem
414 3075 531 3132 nonnihil
547 3076 638 3128 tributi
648 3075 754 3128 nomine
765 3075 1013 3144 Hierosolymitenoe
1025 3076 1185 3148 ludaeosque
1196 3095 1253 3132 cae·

86 3170 158 3217 teror
175 3164 323 3234 pensitasse
338 3161 463 3232 Iosephus
478 3159 578 3214 indicet
593 3161 678 3232 capite
693 3161 738 3213 illo
751 3179 825 3224 svm,
843 3161 894 3213 etsi
909 3161 1066 3230 perobscura
1081 3169 1142 3217 sunt
1153 3165 1252 3218 Iuliana

85 3249 135 3302 illa
144 3250 252 3304 decreta
262 3263 329 3318 quae
340 3264 371 3302 eo
383 3249 441 3302 loco
452 3251 697 3302 commemorantur.
720 3237 894 3316 Posteaquam
905 3263 966 3299 reru
977 3246 1131 3302 ludaeorum
1142 3266 1252 3320 reguum

86 3333 124 3386 ad
133 3333 264 3388 Huodem
275 3334 430 3387 translatum
442 3339 493 3398 cst,
505 3349 559 3386 uon
570 3337 633 3402 puto
645 3331 777 3385 Romanos
788 3331 914 3385 tributum
925 3332 958 3384 ab
969 3331 1020 3384 illis
1032 3335 1166 3402 exegisse,
1184 3334 1252 3404 quod

86 3419 158 3474 idem
170 3417 317 3488 etHeplsro
326 3417 435 3484 ridetur,
447 3435 507 3472 curu
515 3417 611 3472 Iudaea
621 3417 737 3472 noudum
749 3421 819 3470 essct
828 3416 856 3469 iu
864 3416 975 3470 formam
984 3419 1133 3487 productae
1142 3419 1252 3472 redacta

86 3503 175 3568 Quare
186 3519 237 3557 uec
249 3504 277 3558 in
287 3504 334 3558 illa
343 3505 429 3574 priore
440 3503 540 3568 Quirini
552 3503 723 3574 descriptione
734 3503 861 3555 tributum
872 3501 955 3554 ullum
966 3519 1072 3556 necesse
1087 3509 1127 3556 est
1136 3506 1253 3574 persolu-

85 3599 146 3644 tum
157 3589 272 3644 credere.
299 3587 356 3653 Quo
368 3590 455 3643 miuus
467 3589 594 3642 assentior
607 3587 751 3660 Eptphanio
763 3587 810 3658 qui
820 3593 877 3640 tum
888 3587 929 3638 vel
940 3588 1055 3641 maxime
1067 3589 1163 3642 tributa
1175 3605 1192 3641 a
1202 3589 1253 3642 Ro-

84 3677 175 3730 nnis
192 3675 323 3745 imperata
338 3673 431 3728 scribit
448 3679 474 3727 et
490 3691 555 3728 nux
566 3675 654 3738 annis,
671 3674 717 3744 qui
731 3673 765 3726 ab
776 3671 883 3726 Actiaca
899 3672 971 3725 clade
986 3673 1019 3725 ad
1030 3675 1144 3727 neblens
1155 3675 1253 3728 domini

85 3759 239 3824 fluxerunt,
256 3757 381 3831 ὑποφορον
397 3758 495 3819 τελείως
511 3757 690 3829 repetebam
706 3757 837 3828 Ῥωμαίοις
853 3755 976 3810 Iudaeam
990 3758 1080 3814 luisse.
1103 3760 1183 3828 Atqui
1193 3765 1254 3829 post

84 3845 277 3918 Pompeianam
293 3845 429 3900 uictoriam
444 3859 474 3897 ac
491 3845 604 3914 prlorem
621 3842 712 3898 moso
728 3857 863 3913 uunquam
879 3841 975 3896 Iudaea
991 3844 1078 3897 minus
1094 3846 1143 3898 sub
1159 3845 1253 3897 Roma-

84 3949 184 3986 norum
201 3931 349 4002 prinprum
364 3935 492 4000 potestate
504 3931 545 3983 rel
561 3929 782 3988 admisistratione
798 3929 849 3982 fuit
864 3944 943 3998 quam
954 3927 1062 3982 Herodis
1074 3929 1118 3982 illo
1129 3935 1253 3998 tempore,

84 4017 245 4088 praesertIm
256 4021 317 4086 post
326 4016 459 4070 Audacem
471 4030 600 4085 pugnam,
616 4029 675 4067 curu
691 4013 761 4083 apud
772 4014 920 4084 Augustum
935 4013 1061 4082 imprimis
1079 4015 1123 4067 ille
1134 4016 1218 4086 gaba
1228 4019 1254 4067 et

83 4104 231 4157 autoritate
243 4099 354 4156 floreret
387 4099 458 4154 Nulli
468 4100 557 4168 itaque
568 4098 680 4152 Romani
691 4099 872 4168 magistratus,
888 4097 1020 4169 praesides
1037 4099 1115 4164 nulli,
1132 4099 1253 4152 Iudaeam

85 4189 274 4252 obtiuuerunt,
291 4202 339 4240 nec
356 4185 412 4254 alii,
430 4199 509 4256 quatu
526 4183 725 4238 extramdiuarii
739 4182 867 4254 ἡγεμόνες,
885 4183 935 4237 Ινοο
949 4189 989 4237 est
999 4183 1131 4252 praesides
1142 4185 1184 4237 vel
1194 4201 1253 4255 pro-

83 4280 239 4337 curatores,
255 4271 297 4325 vel
308 4271 427 4326 universe
438 4285 497 4324 cum
509 4273 638 4340 potestate
649 4269 736 4340 aliqua
748 4270 835 4334 missi,
851 4269 931 4322 ullam
945 4268 1054 4322 Herodis
1065 4269 1092 4321 iu
1103 4285 1184 4339 reguo
1195 4269 1253 4325 iun·

83 4359 206 4414 ettonem
218 4363 265 4412 aut
275 4357 478 4412 iurisdictionem
489 4359 669 4410 exercuerunt.

159 4445 196 4498 At
204 4443 234 4498 iu
245 4443 390 4498 Annalibus
400 4455 537 4512 perperam
546 4439 684 4510 Hpiphauli
694 4455 770 4494 meus
781 4439 912 4510 accipitur,
928 4455 987 4494 cum
1004 4439 1030 4492 id
1047 4457 1106 4494 eum
1117 4441 1253 4512 scripsisse

83 4535 212 4585 narraui:
247 4527 346 4597 Verruci
361 4545 446 4582 swern
464 4531 539 4580 uernis
556 4527 667 4580 ludaeos
683 4526 804 4580 Romanis
824 4526 919 4579 tributa
939 4527 1099 4595 dependitur,
1120 4538 1253 4598 anteqrrum

83 4618 235 4684 Antipater
245 4613 357 4668 Herodis
362 4631 462 4684 parem
470 4613 586 4668 Iudaeus
592 4620 749 4683 procurator
758 4630 775 4664 ο
788 4611 909 4664 Aetnaeis
918 4615 1098 4677 amoneretur,
1110 4631 1155 4668 acc
1163 4623 1252 4684 postca

1013 4713 1054 4770 Η.
