3166 5044
191 471 241 538 Ὃς
252 474 391 548 Αὔγουστος
403 472 470 548 παρὰ
481 473 632 546 Ῥωμαίοις]
650 473 705 532 huo
716 491 779 529 rere
789 473 949 548 September.
975 473 1027 528 Sed
1038 473 1125 530 neseio
1137 477 1225 530 utrum
1235 473 1280 528 isti

122 563 217 618 iuliani
228 577 260 616 ao
271 562 365 616 solaria
377 562 439 616 unni
449 561 563 633 primum
573 577 690 615 mensem
701 561 729 615 in
739 561 858 632 Augusto
870 560 1014 616 defixerint

192 648 322 719 Ρορπισῐος
344 645 371 700 ti
386 643 453 719 παρὰ
467 646 611 717 Μακεδόσι]
633 646 664 700 In
679 647 821 717 hlogurum
836 647 942 701 liaeresi
956 645 1005 700 hlo.
1016 662 1089 700 σειν.
1106 645 1184 716 longe
1199 645 1279 700 aliem

124 735 285 791 Graecorum
300 733 430 787 mensium
446 731 634 786 ordinationem
650 731 774 802 sequitur.
801 731 869 788 Nem
887 732 1057 796 Graecorum,
1072 730 1128 784 sire
1144 731 1278 801 Syrorum,

122 819 281 891 Audpnaeus
291 819 424 883 Ianuario,
435 817 501 872 Dine
512 815 651 872 Novembri
661 817 807 889 respondet.
835 818 870 872 tt
879 817 929 872 hoe
939 819 997 872 loco
1006 816 1130 887 quoniam
1140 816 1277 888 Apellaeus

122 923 184 960 euru
199 906 319 975 Angusto
336 903 478 973 confertur,
495 903 629 958 Ianuarius
650 903 699 956 erit
712 904 878 970 Artemisina,
895 908 922 956 et
935 903 1046 973 Dystrus
1062 901 1214 956 November.
1248 903 1278 956 ln

121 991 297 1046 ldaoedoniois
308 990 443 1044 mensibus
452 989 539 1059 magis
555 988 605 1042 sibi
615 995 805 1046 consentaneus
822 995 869 1044 est.
903 987 970 1044 Nam
984 988 1037 1042 illio
1053 987 1190 1057 Apollonos
1202 987 1278 1041 Octo·

122 1078 177 1132 hrie
188 1076 230 1130 die
242 1093 312 1132 mr.
324 1075 417 1146 eoepit
439 1073 512 1128 Unde
524 1090 685 1144 consequeus
696 1081 736 1130 est
745 1075 901 1146 Gorpiseum
912 1074 1024 1144 Augusti
1031 1077 1132 1144 purtem
1144 1089 1277 1143 occupare.

122 1163 171 1217 Eat
184 1167 276 1216 autem
289 1161 516 1216 Macedonioorum
535 1175 567 1213 ae
582 1159 888 1230 Sprumaeedonioorum,
910 1177 976 1232 qnos
997 1158 1155 1213 Graecorum
1173 1159 1279 1212 nomine

122 1249 250 1320 appellat,
261 1247 391 1301 mensium
400 1246 474 1300 saria
483 1245 622 1300 udmodm
633 1261 682 1300 nee
693 1247 757 1300 satis
765 1247 894 1316 explicata
904 1245 1050 1316 dispositio:
1062 1243 1094 1298 do
1106 1259 1158 1314 quo
1168 1259 1278 1314 egemus

122 1334 156 1387 ad
167 1334 313 1404 Alogorum
322 1331 426 1386 hareein
436 1331 562 1402 pluribus.
595 1331 701 1386 Interim
711 1331 786 1386 valde
797 1332 914 1402 suspioor
924 1347 971 1402 pro
983 1330 1105 1401 Apellaeo
1121 1327 1170 1382 hoo
1182 1330 1210 1382 in
1221 1330 1278 1382 loce

122 1418 333 1474 auhe‘u'tnendum
350 1433 407 1472 esee
418 1417 515 1482 Loum;
526 1417 578 1470 uisi
588 1417 616 1470 in
628 1433 658 1470 eo
671 1433 773 1487 quoque
781 1416 955 1470 hallucinatus
967 1416 1002 1470 eit
1011 1413 1178 1486 Epiphanius.

190 1503 237 1556 liet
248 1501 317 1565 stit,
334 1499 365 1555 rh
376 1499 473 1573 Ἄζνμα
483 1500 639 1569 ἐπιτελοῦσι]
667 1501 755 1556 Potuit
764 1501 828 1556 haee
845 1501 920 1556 certia
937 1517 971 1555 ex
982 1499 1114 1554 autoribus
1129 1501 1278 1570 comperire,
1304 1506 1365 1558 nto.

121 1589 163 1644 rel
175 1603 265 1642 eoram
277 1589 413 1643 ohaerrure
424 1589 488 1659 lpse.
523 1586 608 1652 Quare
624 1603 677 1640 non
688 1591 784 1642 temere
798 1586 830 1641 de
840 1585 978 1658 Epiphnnfi
987 1585 1039 1640 fide
1051 1585 1219 1640 dubitundum
1231 1592 1277 1652 est,

31 1713 33 1718 ,
124 1675 194 1746 quod
204 1673 354 1728 inlllenoho
364 1673 428 1728 iaeit
438 1673 563 1744 Scaliger.

190 1758 229 1813 0d
240 1759 288 1830 μὴν
300 1757 327 1812 et
337 1757 480 1826 ἰκείσοησαν
492 1761 543 1822 τοῖς
552 1756 710 1827 Σεβοοσίοις]
726 1757 797 1812 Ηοοο
807 1757 849 1811 vel
857 1757 943 1812 aliena
953 1757 986 1810 ab
994 1755 1044 1810 hoo
1052 1757 1122 1822 loeo,
1135 1759 1175 1810 vel
1185 1771 1278 1828 perum

124 1846 227 1899 aintora
237 1844 364 1901 ridentur.
400 1843 471 1908 Quas
482 1844 520 1898 ita
530 1843 597 1898 iorte
607 1842 766 1898 restituenda
776 1849 849 1896 sunt:
866 1841 903 1896 Οὐ
915 1839 963 1914 μην
980 1841 1007 1894 δὲ
1018 1839 1160 1907 ἐπείσθησαν
1173 1847 1222 1902 τοῖς
1234 1842 1278 1894 Σε-

123 1929 230 2000 penos
241 1929 371 2000 Γορθηνοὶ,
388 1929 428 1982 καὶ
439 1927 462 1982 οἱ
474 1925 558 1998 ἄλλοι,
573 1928 624 1983 hoo
635 1933 675 1982 ost
685 1927 810 1982 Dosithei.
843 1927 981 1984 Commius
996 1927 1034 1982 ite
1049 1927 1159 1998 legeram
1176 1927 1214 1981 Οὐ
1231 1926 1277 1997 μὴν

122 2013 197 2072 ἔσοιο.
209 2018 261 2078 τοῖς
272 2015 328 2086 Σιβ.
340 2013 364 2068 oi
375 2011 460 2085 ἄλλοι,
472 2019 605 2086 expunuta
615 2029 679 2068 roes
696 2013 820 2085 Γορθηνοί.

403 2170 449 2225 AD
466 2169 640 2225 HAERESIM
655 2169 715 2226 ΧΠ.
735 2167 999 2226 GORTHENORUM.

190 2271 309 2344 Γοροηνοὶ
321 2271 361 2341 st,
373 2273 414 2326 sul
425 2271 448 2325 ei
459 2269 532 2326 ἄλλον
542 2270 676 2344 Ἐσσηνοὶ]
693 2273 758 2328 hlire
769 2273 915 2345 implicatus
923 2272 1088 2328 etinrqutus
1098 2271 1141 2326 hio
1150 2271 1222 2327 loeus
1231 2279 1278 2328 est

122 2359 190 2416 Nem
201 2375 268 2430 quoe
278 2359 395 2430 repetitis
410 2357 483 2414 hisee
497 2359 618 2424 vooibus,
639 2356 722 2430 ἄλλοι,
743 2356 826 2414 ἄλλων
838 2365 864 2414 et
875 2357 982 2428 initote,
1000 2359 1140 2430 intelliget,
1157 2359 1280 2414 extricari

121 2446 167 2500 rix
175 2450 271 2517 potest.
304 2443 429 2500 Nonnihil
439 2459 647 2516 assequeremur,
663 2447 687 2500 ei
698 2446 729 2501 de
740 2445 844 2500 Essenie
855 2445 913 2500 istis
924 2450 1064 2511 constaret,
1077 2451 1142 2517 quos
1154 2445 1220 2500 inter
1232 2445 1279 2500 Sa·

121 2532 264 2586 maritanoa
275 2547 343 2586 unns
353 2529 513 2602 Epiphanius
523 2537 684 2586 annumeret
716 2532 797 2604 Atqui
806 2532 862 2586 veri
871 2537 898 2586 ot
909 2533 1002 2602 pedorus
1011 2531 1117 2595 Esseni,
1128 2547 1193 2601 qnos
1205 2531 1278 2586 Philo

122 2633 152 2672 ae
162 2616 274 2671 iudaeus
291 2614 427 2686 exhibent,
447 2615 512 2670 nihil
531 2633 591 2671 oum
602 2617 659 2672 istis
669 2619 786 2672 moribus
803 2623 882 2688 atque
898 2632 930 2672 ea
945 2617 1072 2672 festorum
1087 2617 1278 2687 perturbatione

123 2702 272 2758 commercii
282 2701 436 2758 habuerunt.
469 2702 643 2758 Diriuendum
659 2705 739 2774 igitur
754 2705 830 2758 nobis
848 2710 898 2770 est,
915 2711 942 2757 et
956 2705 985 2758 in
995 2701 1107 2756 tenebris
1119 2701 1278 2754 attrectanda

122 2789 232 2854 verim,
245 2787 314 2859 qnod
330 2790 438 2843 minime
448 2788 623 2860 desperemus.
652 2787 796 2844 Serrarium
811 2789 853 2843 hie
870 2791 952 2859 egitut
967 2787 1083 2858 Senligsr
1099 2785 1206 2840 Elenohi
1222 2801 1277 2858 esp.

122 2893 175 2942 nn,
187 2880 216 2928 et
224 2875 317 2928 miram
329 2873 693 2940 eihalluuinationemohiioit‚
706 2875 775 2946 quud
784 2891 818 2928 ex
825 2872 1108 2946 iiehpiphaniirerbis,
1119 2869 1159 2924 sat
1171 2869 1194 2923 oi
1205 2867 1277 2924 ἄλλοι

123 2959 252 3030 Ἐσσηνοὶ,
263 2959 360 3032 duplex
370 2960 404 3014 ah
415 2959 460 3014 ifle
472 2975 555 3031 ganne
565 2961 724 3014 &senorum
734 2961 843 3030 agnoeoi
853 2961 882 3014 in
892 2957 1050 3014 Trihaereeio
1062 2957 1206 3028 scripserat.
1218 2957 1277 3028 Ipse

122 3053 212 3102 autem
222 3045 310 3100 nullos
321 3044 510 3100 eliosliaaeuos
522 3045 607 3100 ridere
618 3045 734 3112 sedicit,
749 3050 850 3116 praeter
864 3061 910 3100 eos
925 3061 992 3116 ques
1007 3045 1108 3099 decime
1119 3041 1220 3096 haeresi
1230 3059 1277 3114 po·

122 3133 183 3188 anit.
217 3131 289 3190 Nuus
299 3140 384 3196 reeta,
395 3131 492 3202 inquit,
504 3141 563 3184 erat
572 3133 663 3186 tecum
674 3131 804 3204 Poptspsol,
816 3131 856 3184 νοιὶ
868 3129 891 3184 ui
902 3127 986 3184 dilus:
997 3133 1043 3184 eod
1053 3133 1113 3200 putu
1124 3135 1190 3184 inter
1201 3128 1276 3182 Esse·

122 3237 166 3272 eos
177 3227 204 3272 et
213 3235 256 3272 eoe
267 3219 298 3272 de
317 3217 405 3288 quihus
424 3219 534 3288 loquitur
547 3217 686 3271 Gortheooe
696 3219 774 3271 medii
788 3221 916 3272 interiecti
934 3225 992 3270 suot
1000 3215 1120 3278 selune,
1139 3231 1170 3268 oe
1187 3217 1218 3268 de
1231 3214 1276 3268 Se·

123 3305 212 3358 hemis
221 3305 351 3358 uiderem
361 3305 441 3374 loqui,
452 3305 549 3357 ads'eoit
558 3300 583 3365 ii
599 3301 727 3374 dirupispoo
739 3303 854 3358 Εεοοσοο.
877 3303 948 3358 idum
959 3301 1076 3372 Scaliger
1086 3299 1159 3372 Ξγγὶνς
1170 3301 1220 3353 τῶν
1232 3290 1277 3352 ὅλ-

123 3389 175 3443 les
186 3389 219 3443 de
230 3387 357 3444 Sebnasie
368 3389 482 3461 exponit
517 3387 588 3454 Quae
603 3389 778 3460 interpretatio
795 3406 849 3444 non
864 3389 953 3460 inepta
962 3387 1054 3452 modo,
1070 3386 1116 3440 sed
1131 3385 1275 3458 Epiphanio

122 3475 174 3547 ipsi
184 3475 315 3530 eontmis
324 3479 373 3530 eet.
406 3473 474 3530 Nem
489 3491 524 3528 ex
540 3491 572 3529 ea
586 3475 701 3548 sequitur
711 3473 884 3546 Epiphaniam
894 3473 960 3528 velle
972 3471 1116 3528 Gurtheuos
1128 3477 1154 3526 et
1163 3471 1276 3526 Essenos

123 3561 303 3616 Eebnaeorum
318 3559 417 3614 rieinus
437 3561 527 3616 eudem
546 3577 606 3616 oum
624 3561 689 3632 ipsis
699 3561 796 3627 iuuere,
808 3561 838 3614 rt
851 3559 894 3613 iou
906 3557 1000 3621 Ιαεὶνοις
1012 3557 1132 3629 πράττειν.
1159 3557 1199 3612 Ad
1211 3573 1276 3628 quoa

123 3645 238 3702 enimet
250 3643 359 3715 derisos,
375 3647 427 3700 nisi
443 3646 476 3700 ad
486 3646 619 3702 Sehnaeos
636 3647 791 3718 pertinebit?
824 3645 880 3700 Ηοο
894 3651 981 3700 eutem
998 3643 1211 3698 absurdissimum
1228 3648 1276 3708 est,

124 3749 184 3788 oum
196 3737 224 3786 et
234 3736 313 3786 antea
323 3731 429 3797 dixerit,
446 3737 473 3786 et
483 3733 593 3788 suhiuda
602 3737 719 3799 moneat,
737 3731 882 3786 Gorthenos
896 3732 990 3784 saltem
1005 3729 1157 3785 aSehuseie
1167 3744 1276 3799 magno·

124 3835 186 3891 pere
198 3817 361 3873 ἀνέοοοοὶεοο.
395 3817 460 3872 Cum
474 3817 555 3888 igitur
570 3817 706 3872 manifeste
723 3815 764 3870 hio
779 3817 807 3870 in
817 3815 910 3872 mendo
922 3817 995 3870 loeus
1007 3815 1124 3882 haereat,
1141 3813 1274 3868 rideamus

125 3902 482 3976 quemadmodumreoeneeri
491 3903 583 3975 possit.
617 3901 647 3956 In
663 3900 890 3973 hnooephalasosi,
907 3917 974 3972 quae
990 3915 1119 3956 summm
1135 3897 1276 3954 haereseon

124 3989 314 4062 eompleetitnr,
331 3986 552 4044 Samaritanorum
563 3993 615 4042 tres
626 3989 723 4058 priores
735 3992 820 4042 seetae
831 3987 868 4040 itu
878 3987 988 4041 breviter
999 3987 1170 4058 explioautur=
1183 3984 1275 4054 Γορθη-

125 4075 174 4146 set,
191 4073 215 4128 ol
230 4070 315 4135 ἄλλοις
331 4076 421 4146 καιροῖς
437 4071 479 4135 τὰς
496 4071 579 4144 ἑορτὰς
595 4069 693 4143 ἄγοντες
709 4069 775 4144 erupit
790 4074 846 4134 τοὺς
862 4071 1014 4142 mperatum.
1042 4071 1170 4140 Σεβοναῖοε
1182 4067 1221 4122 διὰ
1232 4069 1275 4138 τὴν
1351 4123 1353 4129 ,

126 4159 201 4228 αὐτὴν
212 4157 290 4212 αἰτίαν
301 4160 351 4212 τῶν
362 4156 454 4228 tapsus
466 4159 526 4230 πρὸς
537 4160 594 4219 τοὺς
605 4157 740 4228 Γορθηνοος
752 4159 931 4230 διαφερόμενα·
952 4155 1067 4224 Ἐσσηνοὶ
1079 4153 1136 4226 μηδ’
1149 4153 1274 4228 ὁποτέροις

125 4245 310 4316 semetpsos,
321 4245 373 4306 τοῖς
384 4243 411 4297 di
419 4241 645 4315 παρατυγχάνουσιν
654 4241 807 4314 ἱορτάζοντες
815 4241 966 4315 εὀδεαφόρονςι
981 4241 1108 4307 Gertheoi,
1117 4247 1161 4314 pei
1169 4244 1275 4296 dioerm'e

126 4351 144 4386 u
153 4331 277 4386 Μοισᾶν
287 4331 512 4400 tenpoeihwseetu
524 4330 662 4384 eelehruat:
672 4328 793 4394 messe,
804 4335 848 4400 qui
858 4331 889 4384 oh
898 4331 947 4382 illu
958 4332 1094 4399 ipeuseetu
1110 4348 1128 4382 ο
1142 4328 1276 4382 Gmtheus'e

126 4419 264 4472 Moeso
273 4413 367 4469 Εενσαε·
376 4418 472 4468 merie
483 4417 655 4480 οᾰοοσοσοεοσ,
669 4421 698 4468 ia
713 4430 874 4485 possemque
884 4415 1032 4479 inciderint,
1048 4417 1102 4468 eine
1116 4416 1167 4468 ullo
1183 4417 1274 4468 disesi-

126 4507 270 4574 esiueseeto
281 4519 337 4555 ονοε
346 4504 410 4572 speie
421 4501 516 4557 οοσνοο.
544 4499 574 4555 ln
590 4500 721 4556 Breviorio
740 4501 805 4554 tomi
820 4499 909 4566 huius,
926 4499 995 4570 quod
1011 4501 1095 4572 operis
1111 4500 1185 4554 iuitiu
1202 4515 1274 4572 prse-

126 4588 210 4645 tixnm
228 4593 280 4654 eat,
295 4587 323 4642 in
336 4585 474 4642 Gortheuis
490 4602 537 4658 pro
548 4601 579 4642 eo
591 4586 659 4657 quod
671 4591 712 4640 est
722 4581 788 4658 παρὰ
799 4585 855 4650 τοὺς
866 4585 1023 4658 litteratiori,
1037 4602 1171 4660 perperem
1180 4585 1275 4657 legitur
