3138 5044
1196 345 1269 400 XCV

108 495 308 562 constituerent3
326 495 358 550 dc
374 513 426 568 quc
442 495 519 568 paulo
531 481 598 568 post
620 497 726 552 luterirn
739 497 907 568 quadrantem
918 499 1005 563 illum,
1018 515 1095 569 quem
1106 515 1166 553 cum
1179 499 1268 554 solidis

108 579 202 634 diebus
213 581 395 636 intercalatum
411 581 518 636 Solinus
534 581 658 654 prodidit,
674 585 798 638 attentius
815 585 988 655 exploremus.
1011 583 1094 638 dolini
1104 587 1184 638 verba
1194 591 1267 638 sunt:

109 663 146 718 Et
161 676 190 718 ut
205 673 297 720 ctutum
314 679 409 722 certam
420 663 579 739 praeteritus
593 673 725 739 comperet
739 687 819 734 error,
838 673 892 722 dice
904 687 959 724 uxr.
972 680 996 722 st
1010 672 1179 740 quadrantem
1194 673 1270 724 merul

107 753 330 806 imcrcoloeitctc.
353 754 399 808 Ille
411 769 474 824 ergo
486 769 570 808 onnus
582 755 653 807 solus
664 769 786 809 cccxcrv.
796 755 850 808 dies
860 753 961 820 habuit,
973 755 1018 810 elii
1026 753 1147 825 deinceps
1155 771 1268 810 ccccxv.

24 881 28 889 .
107 841 135 888 et
145 837 327 906 quadrantem
350 839 401 903 Qui
412 839 496 893 Selini
506 839 579 892 locus
591 846 637 892 aut
647 841 752 893 inscitia
762 841 939 902 librariorum,
956 845 1003 893 sut
1018 841 1151 910 scriptoris
1162 840 1269 894 halluci-

106 923 217 975 natione
228 925 296 978 mule
306 923 412 978 habitus
423 931 470 979 est.
495 925 585 978 Annus
598 925 765 978 Oculusionis
776 931 878 996 praeter
889 926 1033 980 ordinarios
1042 940 1150 991 ccccv„
1166 926 1210 995 qui
1221 925 1271 979 init

107 1008 174 1060 anni
184 1007 297 1062 mnam
307 1009 413 1074 modus,
428 1010 485 1062 dies
500 1009 591 1064 habult
605 1011 728 1064 insititios
739 1027 834 1076 uren,
851 1015 880 1064 ut
891 1011 940 1064 Dio
951 1015 1068 1065 testetur.
1092 1009 1139 1064 llis
1155 1013 1178 1064 si
1191 1012 1270 1064 inter·

107 1093 237 1146 celarium
253 1093 449 1150 bierhsdonium
471 1111 621 1160 accenseas,
642 1095 687 1166 qui
707 1096 871 1150 commodum
891 1097 918 1152 in
939 1113 999 1150 eum
1019 1112 1117 1150 annum
1136 1095 1270 1161 inciderat,

107 1195 215 1233 summa
230 1179 330 1234 dierum
347 1179 492 1234 additorum
509 1187 550 1234 est
561 1196 619 1245 rc,
635 1182 658 1234 si
673 1180 856 1235 hlerksdonius
873 1199 962 1246 nnn,
979 1181 1021 1236 vel
1037 1199 1158 1249 nxxxrx„
1174 1183 1197 1234 si
1213 1199 1270 1236 ran

108 1264 242 1318 duntaxat
258 1266 379 1320 obtinuit.
420 1265 505 1330 Quare
522 1272 548 1320 et
565 1266 732 1320 contusionis
749 1283 833 1320 annus
851 1267 905 1322 dies
921 1268 1038 1338 postulat
1055 1283 1209 1331 cocorum,
1229 1269 1271 1320 rel

108 1363 257 1414 ceceanu,
274 1356 305 1403 nt
316 1349 474 1405 Censorinus
491 1353 580 1405 scribit
595 1367 656 1422 pag.
667 1351 710 1406 46.
739 1353 825 1423 Atque
841 1353 879 1406 illi
896 1353 1001 1423 quidem
1013 1353 1067 1406 dies
1079 1354 1117 1406 ita
1128 1352 1271 1423 dispensati

107 1439 185 1500 sunt,
196 1441 227 1488 ut
238 1451 298 1489 cum
309 1437 481 1503 intermittis,
494 1439 548 1490 sire
559 1436 756 1503 hlorhedonius,
771 1455 847 1492 suum
860 1439 887 1490 in
898 1437 1038 1492 Februario
1049 1439 1136 1492 locum
1152 1455 1186 1491 ex
1197 1453 1270 1491 mors

107 1521 216 1574 sortitus
239 1527 321 1586 esset,
343 1522 393 1576 duo
417 1521 461 1575 clii
477 1539 579 1576 menses
595 1524 662 1576 iuter
679 1523 852 1578 Nouembrem
868 1539 899 1576 uc
916 1523 1086 1577 Decembrem
1102 1525 1193 1578 inserti
1209 1525 1270 1589 sint,

107 1604 212 1659 dierum
223 1608 301 1662 ambo
313 1608 391 1661 simul
399 1625 494 1674 urere,
505 1610 543 1662 its
553 1613 583 1662 nt
589 1609 758 1679 peraequatio
767 1610 825 1678 ipae
833 1607 861 1661 in
868 1609 931 1662 anni
942 1607 1022 1662 finem
1033 1609 1188 1663 incubuerit.
1204 1609 1270 1664 Hinc

107 1691 154 1744 ilis
166 1692 303 1745 verissima
315 1694 441 1764 suspicio,
454 1693 573 1748 Solinum
586 1708 743 1758 cenerum,
755 1711 807 1746 nen
820 1709 944 1748 cocrnrv.
957 1695 1099 1764 scripsisse.
1122 1693 1190 1748 Nam
1201 1695 1270 1765 quud

108 1776 165 1830 dies
177 1793 260 1830 uuum
271 1783 298 1831 et
309 1779 403 1848 viginti
414 1795 473 1832 cum
486 1779 629 1849 quadrante
644 1780 784 1832 accessisse
800 1779 875 1845 dicit,
891 1779 924 1831 ed
935 1779 1131 1836 Merkedonium
1142 1781 1270 1850 respicere

107 1863 206 1931 potuit,
219 1863 264 1932 qui
272 1881 350 1928 ran„
362 1871 408 1917 aut
416 1881 491 1918 xxm.
500 1865 592 1918 diebus
601 1865 744 1918 constabat.
762 1863 918 1934 Quanquam
927 1865 958 1918 de
967 1866 1118 1918 interminio
1127 1865 1270 1935 quadrante

107 1963 202 2016 parum
214 1949 350 2002 commode
362 1951 496 2020 scripsisse
507 1949 615 2005 ridetur.
643 1949 700 2003 Non
717 1951 787 2002 enim
803 1949 958 2020 appendices
975 1949 1054 2003 horse
1070 1951 1097 2002 in
1115 1951 1184 2004 civili
1200 1966 1269 2004 suno
1322 1947 1327 1956 ’

107 2033 256 2088 intercalari
273 2034 400 2089 dicuntur.
435 2035 505 2099 Quas
522 2041 552 2088 ut
568 2051 599 2089 co
617 2049 696 2088 sensu
714 2035 805 2088 demus
821 2035 986 2088 intercalatae
1002 2035 1098 2101 tumeo,
1116 2037 1185 2106 quod
1201 2037 1270 2090 ultra

107 2135 214 2172 meuses
223 2119 330 2190 diesque
342 2121 439 2174 solidos
451 2125 624 2186 excurrerent,
635 2135 695 2174 cum
703 2121 731 2174 in
741 2121 803 2174 anni
812 2119 979 2174 confusionis
993 2121 1094 2174 exitum
1102 2121 1269 2192 peraequatio

106 2205 161 2257 ista
177 2207 327 2270 conveniat,
343 2223 396 2260 non
412 2207 499 2276 potuit
510 2205 606 2260 Ossam
616 2207 766 2278 proximum
777 2207 908 2259 bisextum
925 2207 952 2260 in
969 2225 1008 2262 ιιι.
1022 2207 1162 2272 lulianum,
1179 2207 1225 2260 ssd
1242 2209 1270 2260 in

108 2308 143 2343 rr.
156 2291 291 2344 ineuntem
303 2292 428 2356 indicem
444 2299 500 2345 tom
516 2293 626 2356 scilicet,
643 2307 703 2345 cum
720 2292 774 2345 dies
791 2307 824 2344 ex
841 2291 1028 2362 quadrantibus
1045 2293 1160 2347 collectis
1171 2293 1269 2346 solidus

107 2377 246 2429 existeretz
258 2378 308 2430 etsi
316 2376 446 2447 quadrans
454 2377 497 2430 ille
506 2377 623 2432 horarios
632 2393 685 2431 non
694 2391 754 2430 oum
763 2377 865 2431 duobus
877 2378 983 2448 reliquis
995 2377 1142 2443 mensibus,
1154 2379 1199 2432 sed
1211 2395 1270 2432 cum

107 2461 279 2516 llerksdonio
289 2462 462 2535 προληπτικῶς
473 2463 578 2518 intissus
590 2463 640 2516 dici
651 2468 749 2534 potest,
761 2469 791 2517 ut
801 2463 900 2518 iustum
911 2462 944 2514 ad
956 2463 1131 2534 colligendum
1144 2464 1270 2534 quadran·
1350 2522 1355 2532 ⁴

107 2555 163 2600 tem
174 2549 285 2600 alterum
297 2549 411 2619 epatium
422 2563 491 2602 anno
502 2550 586 2619 primo
598 2548 699 2602 loliano
716 2550 822 2602 ineunte
837 2563 896 2602 esse
910 2549 1031 2618 potnerit.
1053 2547 1227 2604 Nihilominus
1239 2551 1270 2603 de

108 2631 159 2685 hoc
170 2631 256 2686 Solini
266 2634 323 2686 loco
335 2625 503 2704 cogitandum
515 2636 626 2705 amplius
639 2651 740 2688 censeo.

178 2717 225 2771 llis
236 2721 381 2773 necessario
393 2721 541 2774 constitutis
551 2735 678 2790 negamus
691 2737 789 2773 annum
799 2719 873 2772 iilum
883 2735 933 2789 quo
942 2719 1067 2772 Lentulus
1079 2725 1105 2771 et
1113 2721 1269 2774 llsmulinus

109 2819 178 2856 coss.
189 2803 295 2857 fuorunt
306 2805 455 2859 bisextilem
466 2805 569 2860 fuissm.
590 2805 678 2859 Fuerit
689 2806 758 2858 enim
770 2821 803 2858 ex
816 2805 874 2858 lulii
886 2803 1003 2865 (tumoris
1016 2803 1189 2870 ordinatione,
1202 2805 1271 2875 quod

108 2887 187 2942 raldo
202 2889 330 2943 incertum
346 2907 404 2944 csse
421 2889 545 2948 hactenus
562 2891 777 2948 monstrauimus:
795 2893 965 2960 posteaquam
982 2889 1085 2959 quidem
1101 2891 1134 2944 ab
1150 2892 1269 2961 Auguste

108 2979 242 3028 correctns
254 2979 294 3028 est
305 2989 402 3042 annus,
419 2977 442 3030 si
454 2977 487 3030 ab
499 2993 589 3030 eorum
601 2977 700 3046 aliquo,
717 2993 782 3046 quos
794 2976 929 3028 bisextiles
939 2979 993 3028 tam
1003 2976 1060 3046 ipse
1072 2991 1152 3046 quam
1162 2977 1271 3046 posteri·

108 3067 150 3113 tas
161 3061 250 3113 omnis
261 3059 363 3126 habuit,
375 3068 443 3115 retro
455 3075 732 3132 numeres,‘negamos
744 3067 901 3127 constanter,
917 3061 1064 3114 bisextilem
1076 3077 1136 3114 eum
1148 3077 1206 3115 esse
1218 3079 1269 3132 quo

109 3145 243 3200 Christum
261 3147 287 3199 in
303 3148 387 3200 lucem
404 3148 502 3200 editum
517 3148 632 3201 Annales
647 3147 815 3200 ecclesiastici
830 3147 992 3201 confirmant
1020 3146 1080 3201 Fuit
1094 3145 1136 3200 hio
1153 3147 1270 3202 lulianus
1296 3166 1369 3216 proc.

109 3249 198 3297 annu,
217 3232 262 3302 qui
280 3231 440 3303 Olympiadis
452 3247 541 3288 cxcrr.
560 3249 628 3286 anno
646 3233 729 3303 primo
747 3233 851 3286 labente
868 3233 964 3303 coepit,
982 3234 1016 3286 ab
1029 3231 1097 3286 Urbe
1109 3232 1219 3287 Gondits
1236 3251 1269 3286 ox

110 3317 274 3371 varroniana
284 3318 417 3389 putatione
428 3333 518 3372 occur.
537 3319 567 3372 ln
578 3317 679 3372 Iuliana
689 3335 766 3390 porro
776 3318 896 3388 periodo,
908 3333 960 3388 qua
970 3317 1036 3371 nihil
1047 3318 1079 3370 ad
1091 3319 1270 3373 extricandam

109 3401 308 3472 chronologiam
319 3403 478 3474 expeditius,
488 3421 542 3458 non
554 3405 634 3458 alium
644 3419 741 3456 annum
751 3409 861 3474 occupat
871 3419 949 3474 quam
957 3403 1049 3468 4711,
1060 3405 1133 3474 cyclo
1144 3407 1207 3458 solis
1216 3423 1271 3470 mr,

108 3489 188 3542 lunae
201 3505 291 3552 nvnc,
304 3489 392 3542 indict
403 3507 421 3542 r.
434 3490 594 3554 claustrie,
612 3489 785 3560 aSeptembri
795 3505 857 3542 vero
869 3507 898 3542 rr.
921 3487 994 3552 Quod
1006 3489 1110 3558 quidem
1121 3507 1174 3544 non
1186 3492 1271 3544 conie-

110 3579 190 3638 ctura,
203 3572 250 3626 sed
262 3573 482 3628 demonstratione
493 3577 590 3629 nititur.
611 3575 731 3630 Mortuus
745 3580 786 3628 est
796 3575 930 3644 Angustus
942 3573 1031 3627 Sextis
1042 3575 1143 3630 duobus
1154 3593 1229 3641 coss,
1241 3582 1271 3630 ut

111 3661 229 3713 omnium
241 3673 371 3713 consensu
384 3661 622 3730 exploratissimum
635 3667 686 3727 est,
699 3677 767 3714 anno
779 3659 855 3713 Urbis
868 3659 925 3714 763.
948 3661 1014 3712 Ante
1028 3662 1193 3714 consulatum
1204 3662 1270 3714 Sex·

110 3749 211 3810 torum,
232 3745 257 3797 si
279 3749 348 3798 retro
370 3761 502 3812 numeres,
524 3747 598 3816 paria
612 3753 675 3800 sunt
694 3747 799 3799 omnino
815 3745 951 3798 consulum
966 3762 1024 3810 xer,
1040 3745 1200 3816 proindeque
1217 3763 1270 3800 xer.

109 3844 209 3885 annum
220 3831 377 3884 anteriorem
389 3836 518 3902 occupant
528 3831 654 3886 Lentulus
666 3837 693 3884 st
702 3829 867 3886 Marcellinus
879 3845 945 3884 coss.
967 3830 1081 3901 Insignis
1097 3847 1174 3902 porro
1185 3847 1269 3885 annus

108 3915 151 3969 ille
160 3917 256 3970 mortis
265 3915 378 3986 Augusti
386 3915 436 3972 tuit
444 3917 521 3969 lunae
530 3917 657 3988 deliquio,
670 3916 738 3986 quod
747 3933 790 3969 xo.
802 3915 842 3968 die
855 3915 888 3969 ab
901 3917 956 3968 eius
969 3917 1042 3970 obitu
1053 3918 1192 3988 contigisse
1204 3918 1271 3970 inter

109 4001 285 4072 chronologos
297 4005 407 4066 constat,
419 4003 497 4072 idque
508 4001 684 4072 Dionysianae
695 4017 771 4055 aerae
782 4017 851 4055 anno
863 4019 925 4064 xre,
937 4001 1011 4071 cyclo
1023 4001 1086 4055 solis
1097 4019 1182 4068 xxm,
1193 4003 1271 4055 lunas

109 4099 164 4152 nrt,
180 4087 256 4158 Sept
268 4103 350 4141 rxvrr.
366 4087 432 4140 ieris
442 4105 480 4153 v.,
494 4088 569 4141 litera
580 4088 648 4142 dom.
662 4087 697 4153 G,
713 4085 827 4140 luliunce
843 4087 942 4158 periodi
953 4086 1028 4140 star.
1060 4085 1134 4150 Quod
1149 4088 1172 4140 si
1187 4103 1270 4142 annos

108 4173 169 4226 inde
181 4173 343 4226 subtraxeris
352 4191 418 4238 xer,
430 4173 545 4244 reliquus
554 4175 603 4227 erit
610 4173 698 4238 4711„
711 4189 762 4243 quo
771 4189 837 4227 coss.
846 4173 920 4226 tuere
928 4173 1052 4226 Lentulus
1062 4178 1088 4224 et
1095 4173 1269 4229 Marcellinus.

110 4257 159 4322 Qui
171 4260 195 4312 si
203 4259 335 4312 bisextilis
343 4258 449 4325 tuissd,
461 4275 544 4312 annus
557 4261 590 4312 ab
603 4275 634 4313 so
642 4276 695 4312 rvr.
708 4258 814 4328 perinde
824 4259 956 4312 bisextum
968 4257 1109 4311 habuisset.
1126 4257 1173 4312 mc
1183 4265 1270 4314 autem

110 4356 187 4398 amas
197 4349 304 4398 noemae
315 4363 382 4410 xre,
400 4361 430 4397 ao
444 4349 506 4415 post
520 4343 667 4401 bisextilem
683 4343 823 4408 secundnm
839 4345 920 4414 igitur
931 4349 957 4396 et
968 4359 1052 4396 annus
1063 4344 1120 4410 ills,
1138 4359 1190 4415 quo
1201 4346 1270 4398 Mar-

110 4430 192 4483 cellus
208 4435 236 4482 st
251 4429 376 4484 Lentulus
394 4445 460 4484 coss.
472 4435 557 4494 erant,
574 4429 703 4484 bisextilis
719 4447 772 4483 non
788 4429 846 4485 tuit.
869 4429 941 4482 ldern
952 4443 987 4482 ex
998 4427 1181 4500 olympiadum
1192 4436 1219 4484 et
1229 4429 1270 4484 lu·

111 4514 242 4569 lituorum
258 4529 385 4570 meorum
403 4515 469 4570 serie
485 4515 627 4571 deducitur.
649 4515 716 4570 Nem
734 4525 794 4570 cum
809 4515 911 4569 Lentuli
927 4521 954 4568 et
964 4515 1106 4570 ltmcellini
1121 4517 1270 4572 consulates

112 4597 227 4655 lulianus
246 4603 281 4656 sit
298 4619 387 4667 reim,
407 4602 548 4656 dexterum
565 4616 626 4656 vero
644 4601 753 4656 duorum
772 4602 805 4654 ait
826 4601 942 4654 lulianus
959 4619 1025 4666 ιιι,
1050 4601 1172 4672 idemque
1195 4616 1270 4654 aerae
