3166 5044
283 291 319 351 Vl

283 449 307 504 si
317 465 370 502 arx
381 447 555 518 interpretum
563 461 729 502 commnnsnr
740 445 880 502 editionem
889 461 1007 517 sequare,
1018 461 1085 517 quse
1094 461 1176 500 annos
1185 444 1374 502 listbmelemo
1386 449 1445 498 ante

284 536 401 605 genitum
418 531 577 588 Lamachum
588 539 694 604 arrogat
710 549 814 597 ccxvii,
832 531 961 586 Lamacho
979 549 1039 586 vero
1053 549 1201 598 cnxrrvm,
1219 531 1335 586 condent
1351 531 1446 586 additis

283 620 376 674 Noimi
398 621 529 674 sexcentis
549 621 610 672 anni
631 625 691 672 ante
711 619 837 672 diluvium
856 633 999 673 recocunv.
1035 619 1109 672 Vixit
1124 624 1212 672 sutem
1228 615 1402 671 Mathusalem
1418 617 1446 670 in

282 711 368 760 totum
380 723 463 760 annos
475 719 646 760 roccccuxrx.
664 703 747 774 Igitur
758 721 803 757 xrv
815 704 891 758 annis
901 709 962 776 post
973 704 1099 758 diluvium
1111 704 1250 774 superiuit;
1268 703 1337 773 quod
1350 707 1391 756 est
1407 703 1446 754 in·

283 797 381 863 aptum.
407 791 491 856 Quare
503 791 640 844 Africanus
652 789 824 844 Mathusalem
842 805 924 842 annos
942 797 1002 843 ante
1013 789 1173 843 Lamachum
1189 795 1340 860 susceptum
1356 787 1448 840 tribuit

284 893 397 942 ccxxxv,
410 878 454 948 qui
464 877 495 930 ad
504 874 626 930 Lamechi
634 875 778 946 Noimiqus
787 875 902 940 totidem,
913 875 981 946 quod
990 877 1109 946 proxime
1119 875 1321 938 numeravimus,
1333 873 1447 926 adiuncti

283 979 414 1016 summam
431 961 572 1016 conficiunt
589 977 718 1014 annorum
735 975 917 1016 voccccurxrr.
948 961 1039 1032 Itaque
1056 961 1139 1014 tribus
1158 969 1300 1030 quatuorve
1318 959 1393 1012 aunis
1411 957 1447 1012 di-

283 1047 382 1102 luvium
393 1065 464 1100 more
476 1047 545 1100 illius
563 1047 711 1120 antecessit
747 1047 782 1099 At
792 1061 854 1098 vero
870 1045 937 1098 idem
949 1045 1087 1100 Africanus
1104 1045 1137 1099 ab
1150 1047 1212 1099 orbe
1224 1043 1326 1098 condito
1338 1042 1371 1098 ad
1383 1043 1447 1097 dilu-

282 1135 354 1188 uium
366 1150 449 1188 annos
461 1133 562 1203 colligit
573 1147 617 1186 cro
631 1148 675 1186 cro
688 1147 806 1186 cccxvrr.
826 1130 925 1202 Quippe
942 1131 1012 1186 Euos
1025 1147 1096 1186 cxcv
1112 1131 1225 1196 confert,
1242 1147 1300 1186 com
1313 1147 1366 1184 uxr
1384 1129 1447 1182 dun·

282 1225 358 1272 taxat
369 1235 421 1272 oro
439 1224 582 1274 numerent
609 1217 754 1272 Subtractis
772 1218 886 1288 quinque
903 1217 954 1272 illis
971 1216 1110 1288 superfluis
1128 1215 1280 1272 crediderim
1296 1217 1325 1270 in
1341 1215 1447 1286 reliquie

283 1304 457 1375 Epiphanium
469 1303 597 1368 Africani,
612 1304 668 1356 sive
679 1321 733 1358 uxx
744 1303 813 1373 apud
825 1301 976 1358 Africanum
992 1302 1164 1374 Interprstum
1182 1303 1312 1356 caleulum
1329 1307 1448 1354 secutum

283 1405 366 1444 annos
381 1395 546 1460 computasse
558 1405 602 1443 cro
616 1405 660 1443 cro
673 1403 772 1442 ccuxu.

351 1473 394 1528 Ἐν
403 1478 455 1536 τοῖς
468 1467 533 1546 ὅριοι
545 1471 670 1546 Ἀραρίιτ.]
696 1472 842 1528 Chaldaeus
854 1473 951 1538 Gordiu,
968 1474 995 1528 id
1012 1479 1052 1528 est
1068 1473 1195 1544 Γορδαῖος.
1230 1471 1356 1544 Iosephus
1372 1472 1447 1537 liius,

284 1577 340 1632 cap.
353 1579 389 1626 ιν,
402 1557 566 1630 ιἰποβατήριον
579 1557 621 1612 τὀν
633 1561 710 1612 τόπον
723 1564 809 1612 τοῦτον
819 1557 940 1632 ’Ἀρμένιοι
952 1557 1063 1616 καλοῦσι.
1081 1561 1144 1614 Mox
1154 1557 1282 1622 Berosum
1291 1556 1448 1612 Chaldaeum

283 1648 358 1700 citat:
371 1645 472 1716 Λέγεται
484 1643 510 1696 δὲ
522 1644 562 1696 sal
574 1649 618 1697 τοῦ
631 1644 719 1696 πλοίου
731 1642 755 1696 ἐν
767 1649 796 1716 τῇ
807 1642 919 1715 Ἀρμενίᾳ
931 1643 991 1714 προς
1004 1649 1040 1716 τῷ
1053 1639 1102 1715 ὄρει
1114 1647 1163 1696 τῶν
1175 1643 1318 1716 Κορδυαίων
1330 1639 1365 1696 s'rs
1376 1642 1447 1714 μίρος

283 1750 306 1784 τι
318 1725 384 1784 εἶναι.
404 1731 468 1784 ltem
481 1749 514 1784 ex
526 1730 633 1786 Nicclso
644 1730 822 1784 Damascenoz
835 1727 921 1784 Ἔστιν
930 1728 989 1800 ὑπὲρ
1002 1728 1044 1797 τὴν
1054 1727 1165 1782 Μινυάδα
1177 1729 1241 1800 μέγα
1253 1725 1309 1799 ὄρος
1321 1727 1384 1782 acri
1392 1726 1448 1798 Ἀρ-

284 1817 366 1888 μενίαν
379 1815 446 1888 βάρις
458 1817 599 1887 λεγόμενον,
617 1813 649 1876 είς
667 1813 680 1868 b
697 1814 806 1876 πολλοὺς
824 1817 996 1886 συμφυγόντας
1013 1813 1052 1868 tri
1068 1819 1112 1868 τοῦ
1125 1814 1299 1885 κατακλυσμοῦ
1312 1813 1387 1883 λόγος
1399 1809 1449 1884 ἔχει

284 1903 456 1973 περισωθῆναι
482 1903 636 1956 Franciscus
652 1901 742 1954 lunius
759 1917 806 1971 pro
825 1898 896 1970 Βάρις
914 1901 1106 1956 rescribendum
1129 1901 1263 1956 existimat
1278 1899 1410 1970 Λούβαρις,
1432 1915 1449 1952 s

282 2005 335 2059 ,quo
353 2005 406 2042 nou
423 1987 557 2042 abhorreo.
591 1985 644 2038 Sed
659 1985 728 2040 idem
745 1986 864 2042 solennis
879 1985 982 2052 deliret,
999 2003 1059 2040 cum
1076 1985 1164 2040 Lubsr
1181 1986 1303 2040 Arnenio
1320 1993 1347 2038 et
1363 1985 1448 2054 Aegy-

282 2075 368 2146 ptiace
380 2089 499 2126 sermone
511 2071 573 2124 dicit
588 2071 658 2126 idem
675 2087 732 2126 sese
750 2077 828 2140 atque
842 2067 991 2139 ἃποβατοὼν
1003 2073 1057 2124 sive
1070 2069 1247 2142 ἀποβατήριονι
1264 2071 1291 2124 id
1308 2075 1349 2124 est
1362 2071 1448 2124 locum

177 2191 184 2212 ι
284 2157 469 2222 editissimum,
485 2174 518 2210 ex
531 2173 582 2228 quo
595 2156 735 2210 descensus
747 2161 832 2226 patet,
849 2157 955 2210 sverbo
969 2155 1068 2222 Labor,
1081 2157 1243 2212 descendere.
1272 2155 1345 2210 Unde
1358 2161 1384 2210 et
1395 2155 1449 2208 Lo·

284 2245 374 2297 borum
391 2248 417 2296 et
433 2243 525 2296 Labra
542 2241 612 2312 apud
628 2240 802 2312 Epiphanium
819 2241 847 2296 in
858 2242 1035 2298 Ariomauitis.
1069 2241 1122 2309 Sed
1138 2242 1170 2296 de
1186 2242 1272 2296 Labra
1288 2243 1448 2312 caeterisque

283 2330 363 2399 nugis
375 2329 490 2382 dicemus
502 2329 534 2380 ad
548 2329 624 2380 illum
634 2325 773 2398 Epiphanii
787 2328 883 2382 locum.
911 2326 986 2392 Quod
1002 2327 1106 2398 quidem
1122 2327 1156 2380 ad
1172 2343 1296 2398 praeseus
1313 2329 1449 2398 negotium

284 2416 376 2468 attinet
388 2413 552 2483 ἀποβατήριον
569 2411 678 2484 losepbo
690 2419 855 2482 nuncupatur
865 2414 938 2468 locus
954 2414 1009 2476 ille,
1026 2414 1055 2466 in
1073 2430 1123 2483 quo
1133 2412 1247 2472 Noemus
1265 2413 1308 2482 τὴν
1321 2410 1449 2483 ιἰιιόβαοιν,

284 2497 334 2552 boc
345 2504 385 2552 est
397 2499 593 2552 exscensionem
611 2516 644 2552 ex
663 2514 724 2552 arcs
740 2499 813 2564 lecim
830 2498 885 2552 sive
897 2499 967 2568 quod
978 2499 1076 2552 ibidem
1091 2498 1122 2550 τὰ
1137 2495 1291 2570 ὰποβατήριοι
1308 2515 1382 2554 sacra
1392 2515 1448 2569 per·

284 2585 370 2642 solvit.
397 2585 467 2638 Haec
478 2585 548 2638 euim
559 2585 598 2638 vis
611 2589 652 2636 est
661 2582 755 2638 borum
766 2585 965 2650 vocabulorum,
983 2580 1149 2654 ἁποβοτιίρια,
1169 2583 1313 2654 διαβατήρια
1329 2591 1355 2638 st
1366 2589 1448 2638 caete-

283 2689 381 2726 rorum.
392 2671 472 2726 Valde
480 2670 561 2740 igitur
572 2669 675 2724 aberrat
682 2669 785 2736 lunius,
800 2687 860 2724 cum
872 2668 1036 2740 ἀποβατήριον
1049 2671 1231 2740 interpretetur
1242 2669 1353 2724 arduum
1365 2676 1392 2724 et
1403 2687 1449 2724 ex·

284 2757 396 2822 celsum,
414 2773 447 2810 ex
460 2773 511 2827 quo
523 2755 678 2810 descendere
691 2760 821 2826 oporteat,
840 2754 910 2826 quod
926 2771 943 2808 a
955 2754 1071 2821 Graecae
1080 2755 1151 2810 vocis
1163 2771 1213 2810 asu
1231 2756 1345 2810 ebenum
1362 2761 1388 2810 et
1403 2756 1449 2810 ab·

284 2859 379 2898 sonum
390 2847 438 2898 est.

352 2927 389 2988 Οὐ
402 2926 450 2998 γὰρ
467 2924 501 2980 ἔτι
518 2925 647 2998 ἐμφαίνει]
671 2927 833 2982 Putidissimi
850 2926 939 2982 Iudaei
955 2926 1084 2982 Noemum
1101 2943 1118 2980 a
1135 2926 1233 2982 ctsmo
1250 2932 1384 2982 exsectum
1400 2943 1450 2980 uu·

285 3019 393 3084 gantur:
410 3019 440 3066 ut
454 3013 521 3066 iuter
538 3013 603 3068 alios
612 3013 644 3068 R.
654 3012 773 3078 Selomo,
792 3013 837 3082 qui
848 3019 874 3066 et
885 3013 937 3066 alis
948 3013 1075 3082 quaedam
1088 3013 1175 3066 adiicit
1185 3013 1298 3068 uebnds
1309 3019 1336 3068 et
1346 3009 1447 3084 ὅββητα.

351 3097 383 3152 N.
395 3116 420 3150 v.
438 3094 494 3148 ἔνθα
505 3115 548 3150 του
560 3095 724 3166 inobediente]
742 3098 862 3152 Fortasse
874 3100 950 3150 τόπον
968 3096 1119 3160 ίπελίξανιο.

352 3177 402 3234 Ἦν
415 3181 442 3234 δὲ
454 3187 527 3234 τοῦτο
539 3179 615 3234 πάλιν
627 3181 780 3254 Ἀσσυρίων]
806 3185 876 3254 ager
888 3184 1005 3238 Sennaar
1017 3191 1044 3238 et
1054 3183 1175 3253 Rabylou
1192 3185 1250 3255 ipss
1265 3185 1392 3256 primum,
1409 3185 1449 3238 in·

286 3269 355 3338 quit,
371 3267 405 3321 ad
415 3269 537 3337 Assyrios
554 3269 686 3338 pertinuit
713 3267 838 3338 Respexit
854 3275 943 3324 autem
960 3269 1043 3334 adid,
1062 3269 1131 3338 quod
1148 3269 1234 3324 Genea
1250 3289 1282 3335 x,
1297 3289 1327 3326 u.
1340 3271 1448 3340 legitur:

285 3353 327 3406 De
339 3364 408 3406 terra
421 3355 469 3405 ι’ίία
481 3353 621 3422 (Sannaus)
634 3371 747 3422 opressus
760 3365 796 3406 est
807 3355 898 3418 Assur,
916 3366 940 3408 st
954 3357 1103 3424 ocds'ficaos't
1113 3355 1226 3408 Nicia-es
1237 3365 1262 3408 et
1268 3357 1373 3425 piatam
1384 3359 1449 3410 cs'cs'·

287 3443 348 3491 totis
359 3449 384 3491 et
396 3438 484 3494 Glale.
501 3439 599 3492 Verum
611 3439 694 3490 Assar
706 3439 811 3508 quidam
823 3441 957 3510 proprium
969 3457 1026 3494 esee
1037 3456 1133 3494 nomeu
1145 3441 1310 3494 existimant:
1322 3447 1352 3494 ut
1362 3441 1392 3496 R„
1402 3441 1448 3496 Se·

285 3523 364 3588 lomo,
376 3524 421 3594 qui
432 3541 460 3576 se
472 3523 506 3578 ab
517 3521 657 3594 impiorum
666 3525 854 3580 cousuetudine
866 3541 896 3580 ac
905 3527 1025 3580 convictu
1037 3527 1191 3596 segregarit,
1204 3527 1365 3596 eundemque
1374 3528 1449 3580 Aben

225 3657 230 3669 ,
255 3658 262 3672 ,
287 3607 453 3680 Erralaphet
466 3609 550 3662 filium
566 3609 682 3662 extitisse
698 3617 833 3664 memorat.
859 3611 987 3681 Equidem
1001 3613 1082 3666 Assur
1098 3611 1147 3666 hoc
1162 3613 1220 3666 icoo
1237 3610 1268 3665 de
1278 3613 1386 3682 Assyrio
1401 3630 1448 3683 po·

286 3695 360 3766 pulo,
372 3695 413 3748 val
425 3695 492 3748 Nino
509 3695 566 3764 ipso
582 3695 658 3765 regni
669 3697 769 3765 Assyrii
785 3697 916 3750 conditore
933 3695 1056 3750 libenb'us
1074 3698 1235 3768 interpretor.
1261 3697 1359 3752 Eodem
1370 3715 1447 3769 porro

286 3786 402 3852 spectare
413 3780 522 3846 videtur,
534 3779 603 3851 quod
615 3787 655 3833 eet
666 3781 736 3852 apud
746 3781 851 3836 Εοαίοιο
863 3798 919 3852 cap.
929 3801 1004 3848 xxm,
1019 3782 1063 3836 13:
1082 3783 1152 3836 Eoos
1164 3793 1235 3836 terra
1245 3783 1433 3838 Chaldaeorum
1437 3807 1447 3848 ,-

290 3867 361 3919 Tolis
367 3867 477 3938 populus
488 3869 611 3936 nousus't:
623 3867 832 3936 Assursuudoos't
843 3887 906 3920 eom.
925 3869 958 3920 Iu
970 3872 1144 3938 captiuitatem
1156 3871 1325 3924 traduxerunt
1335 3863 1449 3924 rot'ossos

285 3955 351 4014 eiua,
362 3955 518 4022 suffoderunt
530 3954 615 4004 densus
626 3956 692 4016 eiua,
706 3963 911 4022 possessosum
923 3957 950 4005 ιἰο
960 3957 1071 4009 ruinam.
1098 3954 1150 4008 ssd
1161 3955 1290 4010 Hebraics
1300 3957 1378 4010 aliam
1389 3972 1447 4010 ean·

284 4039 392 4090 tentiam
403 4038 563 4108 praeierunt:
582 4038 635 4090 Iste
647 4041 758 4108 populus
775 4057 823 4092 ιιοιι
840 4048 898 4091 erat
913 4041 968 4091 illic
986 4041 1053 4092 olim.
1078 4041 1162 4092 Assur
1167 4043 1293 4109 fundauit
1303 4059 1359 4095 cass
1375 4045 1447 4094 ποιαί·

285 4122 343 4182 bus,·
359 4123 412 4188 vel,
428 4125 525 4190 otalii,
543 4125 638 4176 deserti
648 4125 751 4188 s'ucols'sy
770 4130 814 4194 qui
824 4134 957 4178 erexerunt
972 4143 1047 4178 orces
1063 4127 1140 4180 iilius.
1170 4125 1223 4178 ses
1233 4126 1378 4198 (Chaldaei)
1390 4146 1448 4180 cos·

284 4213 408 4260 triverunt
414 4211 520 4277 palatio
532 4211 612 4274 illius,
626 4213 673 4262 etc.
699 4207 774 4272 Quod
789 4211 826 4263 its
843 4209 873 4263 ii
882 4209 966 4264 David
982 4212 1098 4280 exponit
1124 4210 1182 4264 Non
1194 4218 1235 4266 eet
1245 4213 1339 4266 muam
1351 4219 1398 4268 aut
1407 4214 1446 4266 in·

284 4293 417 4358 credibile,
435 4294 505 4364 quod
522 4295 553 4349 de
571 4294 632 4364 Tyri
650 4295 783 4349 eversione
799 4295 961 4366 praedicltur.
988 4295 1054 4348 Ecce
1071 4297 1119 4349 tibi
1135 4295 1256 4367 Babylon
1273 4305 1300 4352 st
1316 4297 1448 4362 Chaldaea

285 4377 343 4449 ipsa
353 4394 406 4432 non
418 4379 523 4434 eosdem
535 4397 638 4450 semper
649 4381 747 4434 incolas
762 4379 863 4446 babuit3
881 4381 927 4436 ssd
943 4382 1039 4450 etipsa
1050 4381 1256 4437 vicissitudinem
1273 4389 1314 4436 est
1329 4391 1445 4456 sxpsrm.

284 4463 352 4518 Nam
364 4463 551 4520 Chaldaeorum
565 4466 677 4537 populus
689 4465 752 4520 olim
763 4465 800 4520 ibi
810 4467 899 4522 sedem
910 4484 963 4520 nou
974 4465 1079 4534 babuit,
1097 4467 1142 4522 sed
1153 4469 1256 4538 Assyrii
1271 4470 1397 4542 principio
1408 4477 1447 4524 te·

285 4555 398 4604 suerunt
414 4556 441 4604 et
456 4551 484 4603 iu
502 4566 534 4602 ea
549 4551 627 4604 urbes
644 4552 798 4612 excitarunt.
825 4552 892 4606 Tum
910 4551 1032 4608 Chaldaei
1047 4553 1130 4624 pulsis
1147 4554 1260 4624 Amyriie
1278 4563 1445 4627 occuparunt,
