3104 5038
205 1173 594 1264 CLARISSIMO
628 1171 943 1280 OEHLERO
976 1168 1102 1261 SUO

577 1377 603 1424 S.
631 1375 660 1424 P.
689 1375 718 1424 D.

382 1505 657 1564 Amanus
679 1504 910 1564 mutuus.

578 1721 731 1737 -ffl

137 1875 210 1938 Quod
228 1877 285 1940 Tu,
311 1873 459 1926 smiciseime
477 1875 599 1942 Oehlere,
625 1877 686 1928 mihi
704 1893 784 1944 nuper
801 1873 913 1926 detulisti
930 1889 1033 1940 munos,
1059 1881 1088 1924 nt
1104 1872 1229 1942 symbolus

79 1955 153 2009 darem
170 1959 194 2010 io
214 1959 347 2028 Epiphaoii
363 1961 467 2012 Penuria
485 1979 499 2012 n
516 1963 554 2012 Τι
572 1961 686 2024 edcnde,
712 1961 739 2011 id
757 1977 788 2011 eo
806 1958 930 2011 lubentius
946 1958 1061 2028 suscepi,
1079 1957 1148 2026 quod
1167 1957 1230 2026 Epi-

78 2041 173 2108 phanio,
200 2045 237 2095 uti
253 2045 352 2114 reiiquis
369 2045 490 2097 ecciesiae
509 2047 621 2098 Graecae
637 2045 815 2114 scriptoribus,
844 2061 946 2112 operam
964 2043 1118 2112 philoiogoru
1138 2041 1231 2096 indes

77 2125 195 2180 iuventute
210 2147 346 2181 ιιιιιιιιιι.
383 2133 438 2194 Qua
454 2130 480 2181 in
499 2149 526 2182 re
544 2131 606 2182 ittud
623 2131 730 2183 maxime
747 2141 933 2199 spectaremur,
960 2139 987 2180 ut
1004 2129 1161 2198 exploratum
1180 2128 1229 2181 he-

77 2210 160 2282 berem,
177 2213 237 2283 qoid
253 2215 290 2266 itti
307 2233 322 2266 a
339 2215 442 2288 παιδείᾳ
461 2215 580 2287 ἱλληιυιῇ
589 2256 596 2280 ,
623 2215 769 2286 praesertim
786 2213 938 2284 philosopha
955 2225 982 2265 ιι
998 2213 1155 2283 potissimum
1170 2213 1231 2266 rta-

78 2299 166 2360 tooios,
192 2301 218 2350 in
239 2300 369 2352 doctrinae
386 2301 484 2353 rstione
500 2303 575 2370 inque
593 2303 708 2356 oratione
725 2300 831 2354 mutuati
848 2309 949 2368 essent,
966 2309 1058 2369 utque,
1076 2299 1227 2367 comparatis

78 2383 228 2452 scriptoribus
253 2384 361 2437 classicis
388 2397 414 2436 et
438 2385 625 2450 ecclesiasticis,
657 2387 717 2456 quid
742 2387 779 2438 illi
804 2385 852 2437 sibi
869 2385 976 2437 invicem
1001 2385 1064 2436 lucis
1090 2384 1230 2448 adferrent,

78 2469 244 2534 patefacerem.
279 2471 368 2539 Neque
381 2487 440 2522 vero
457 2472 518 2522 haec
535 2471 617 2524 studia
630 2473 732 2524 Petrum
750 2467 896 2538 ὁρθοδόξωι
914 2471 1030 2540 operibus
1045 2470 1232 2538 circumscripta

79 2571 125 2605 csse
142 2557 284 2616 roluemm,
303 2555 348 2606 sed
367 2557 442 2607 etiam
459 2558 651 2609 Haereticorum
669 2557 798 2608 doctrinas
815 2557 1037 2623 perlustraveratn,
1059 2573 1134 2624 quum
1151 2555 1231 2623 pleri·

79 2655 120 2706 que
135 2641 231 2692 illorum
249 2657 280 2692 ιι
298 2640 402 2692 Platone
420 2652 445 2692 ιι
463 2659 493 2692 ex
511 2641 645 2694 Platonicis
669 2642 775 2710 plurime
792 2642 827 2692 ita
845 2641 990 2704 hauserint,
1016 2649 1043 2690 ιιι
1061 2639 1153 2708 piacita
1170 2639 1231 2690 1³12-

78 2725 153 2777 tonioa
169 2727 300 2778 doctrinae
319 2725 473 2778 Christianae
491 2727 602 2794 pervim
620 2745 650 2778 ac
668 2726 783 2778 fraudem
800 2743 851 2778 non
869 2724 1061 2778 accommodare
1077 2724 1166 2788 solnm,
1184 2723 1231 2776 sed

79 2809 145 2862 etiam
169 2811 320 2863 substituere
344 2823 503 2864 conarentur.
547 2815 634 2880 ltaque
659 2811 824 2880 Epiphaniam
850 2811 952 2862 minime
977 2809 1149 2878 neglexeram
1174 2808 1231 2860 ire-

80 2895 155 2961 qnenti
178 2909 263 2948 autem
281 2897 333 2948 eins
351 2914 396 2948 usu
420 2914 607 2966 cognoveram,
633 2897 758 2948 neminem
783 2896 858 2949 focile
875 2895 1027 2965 scriptorum
1051 2905 1167 2947 reternm
1185 2894 1229 2947 iilo

80 2981 254 3049 corruptiorem
273 2999 333 3034 esee.

139 3069 182 3118 Est
198 3077 283 3118 antem
301 3067 419 3135 proiecto
437 3066 590 3135 Epiphanius
609 3065 812 3138 deturpetur,
837 3067 912 3136 inque
930 3085 961 3120 eo
979 3065 1136 3135 personando
1153 3064 1231 3118 hodie

79 3148 146 3202 etiarn
163 3152 256 3204 criticis
273 3151 406 3219 plurimum
423 3151 513 3219 reliqui
533 3163 571 3203 ιιι
590 3153 692 3204 iactum.
727 3153 792 3204 Nem
811 3153 905 3204 Peterii
922 3153 947 3204 iu
966 3169 1022 3203 som
1040 3169 1113 3204 curas
1130 3150 1231 3202 mitione

79 3243 141 3288 tanto
164 3237 218 3288 riro
244 3236 312 3288 baud
336 3253 438 3305 prorsus
463 3236 554 3306 dignee
570 3247 636 3289 snut.
672 3237 734 3288 Com
752 3238 817 3290 enim
835 3238 927 3289 criseos
941 3237 1067 3300 subsidia,
1092 3235 1230 3305 dequibus

79 3337 129 3372 mox
146 3321 270 3385 dicemus,
298 3333 399 3390 praeter
423 3323 503 3386 iliud,
530 3323 598 3392 qnod
616 3323 641 3373 in
666 3321 820 3374 divinatione
837 3334 875 3374 ιιι
892 3323 1017 3391 positum,
1043 3322 1084 3373 rix
1107 3321 1231 3390 adhibuit,

79 3413 125 3458 tom
142 3408 165 3460 in
184 3425 217 3460 eo
234 3409 323 3458 iustam
338 3407 558 3478 reprehensionem
575 3407 695 3471 incurrit,
713 3408 781 3476 qnod
798 3409 824 3459 in
838 3407 1004 3477 expurgandis
1020 3405 1125 3470 mendis,
1142 3407 1231 3476 quibus

80 3489 149 3544 editio
161 3493 278 3563 princeps
296 3503 386 3558 scatet,
404 3511 469 3546 novo
487 3492 577 3544 menda
594 3492 661 3544 hand
679 3493 739 3544 setis
759 3493 826 3544 oavit
843 3503 868 3544 ιι
885 3493 1004 3560 genuinus
1021 3491 1086 3544 iliius
1100 3492 1230 3557 lectiones,

79 3575 124 3627 sire
140 3595 198 3640 soa,
226 3579 279 3631 sire
295 3575 484 3649 typothetarum
501 3577 672 3646 negligentia,
696 3595 752 3629 com
769 3577 896 3630 mendosis
914 3578 1061 3629 commutari
1080 3595 1165 3646 μιιιιιι
1184 3587 1230 3632 est.

79 3663 177 3715 Omnino
194 3663 310 3716 Petreius
326 3663 350 3714 in
370 3663 469 3716 edendo
487 3663 629 3732 Epiphanio
654 3663 732 3732 magis
758 3664 918 3732 theologum,
946 3663 1127 3730 chronologum
1144 3673 1171 3715 ιι
1187 3681 1230 3714 ar·

79 3745 249 3817 cbaeolngnm,
279 3767 354 3818 quarn
378 3748 491 3800 criticum
518 3749 577 3818 egit.
620 3749 670 3800 iam
697 3767 758 3800 rero
778 3748 878 3800 codices
895 3765 969 3800 manu
986 3748 1086 3816 scripti,
1120 3759 1148 3800 ut
1172 3757 1230 3799 sont

79 3833 172 3886 omniuo
191 3835 299 3903 perrari,
323 3835 376 3900 ite,
394 3845 500 3904 excepto
520 3835 636 3900 Veneto,
662 3821 730 3884 houd
747 3835 783 3884 ita
799 3834 904 3886 multum
921 3833 1025 3885 subsidii
1041 3831 1075 3886 ad
1092 3832 1231 3886 emenden-

79 3913 130 3968 dnm
147 3919 310 3988 Epiphaniom
328 3919 468 3971 conferunt.
505 3921 561 3988 Ipse
577 3927 661 3970 entem
678 3919 805 3981 Venetos,
830 3929 939 3970 ceterum
956 3935 1076 3978 mancos,
1093 3917 1141 3970 etri
1156 3917 1184 3968 in
1201 3935 1232 3970 ea

79 4003 152 4068 operis
169 4015 257 4072 parte,
283 4021 357 4074 qnam
376 4003 568 4073 compiectitnr,
594 4013 647 4056 tum
665 4003 916 4071 transpositionibus,
942 4013 995 4055 tum
1021 4003 1115 4055 loconis
1132 4001 1232 4071 egregie

79 4087 185 4140 medetur
202 4099 228 4141 ιι
246 4089 357 4158 plurimis
373 4089 436 4141 locis
454 4088 578 4157 corruptis
595 4090 728 4158 genuinum
741 4088 842 4141 exhibet
854 4089 1010 4156 scripturam,
1026 4089 1094 4140 hand
1111 4105 1169 4140 rern
1188 4097 1231 4139 te·

78 4187 128 4224 men
144 4193 189 4227 nos
207 4173 331 4226 destituit.
366 4177 423 4237 Quo
440 4174 583 4242 diiigentius
595 4191 756 4244 quaecunque
773 4174 798 4224 in
819 4173 945 4226 codicibus
963 4173 1063 4242 reliquis
1079 4174 1156 4242 ioque
1173 4173 1230 4225 edi·

78 4257 141 4310 tione
158 4259 270 4329 principe
294 4259 327 4310 od
345 4259 418 4310 crisin
447 4259 610 4311 factitandum
635 4259 787 4328 expediunt,
812 4259 895 4310 excuti
919 4257 1020 4312 debent.
1054 4259 1145 4328 Neque
1169 4275 1231 4312 roro

78 4345 214 4414 negligendi
235 4355 293 4398 sunt
311 4345 445 4413 scriptores
473 4355 527 4394 tum
543 4343 578 4411 ii,
604 4344 740 4414 exquibus
767 4343 920 4412 Epiphanius
946 4344 1045 4411 hausit,
1069 4355 1122 4395 tom
1140 4344 1182 4412 qni
1200 4361 1231 4396 ex

79 4429 213 4499 Epiphanio
230 4431 271 4483 rel
288 4447 319 4482 ex
338 4427 482 4483 auctoribus
503 4429 535 4480 ab
553 4447 584 4482 eo
602 4429 744 4498 compilatis
761 4430 892 4498 decerptas
909 4428 1043 4498 particulas
1060 4447 1105 4481 sue
1121 4429 1147 4480 in
1163 4429 1229 4482 sori·

78 4525 119 4581 pts
135 4517 323 4569 transtulerunt.
363 4515 433 4568 Haec
456 4525 540 4568 autern
556 4513 667 4567 subsidia
691 4515 733 4566 ubi
758 4531 803 4566 nos
829 4513 902 4565 simul
926 4529 982 4566 oum
1007 4514 1134 4567 codicibus
1154 4531 1230 4566 monn

78 4599 170 4670 toriptis
186 4601 321 4670 deficiunt,
338 4619 378 4654 ree
393 4599 426 4654 sd
444 4601 612 4656 coniecturam
629 4599 703 4666 redit,
720 4617 770 4669 qus
786 4599 853 4653 hand
869 4599 923 4654 scie
940 4615 973 4652 en
990 4617 1066 4655 nemo
1077 4601 1229 4672 scriptorum

969 4689 1025 4758 1*
