3166 5044
125 479 206 534 uibus
216 479 351 534 receudtis
368 479 490 536 omuibus
506 479 557 534 tria
571 479 709 536 interadla
724 479 873 552 distinguit,
889 481 984 552 quibus
999 481 1111 552 siugulis
1121 499 1167 536 ιιι
1184 497 1293 554 genera·

125 566 214 619 tiones
228 567 357 636 assignat.
388 565 424 622 Ut
439 572 504 637 puta
520 567 554 620 ab
565 564 713 620 Abrahamo
731 566 765 620 ad
780 566 907 622 Davidem
917 586 976 622 arv:
992 567 1100 622 toh'dem
1116 584 1134 620 a
1144 567 1243 622 Doride
1260 568 1293 622 ad

124 652 383 722 transmigrationem
400 651 558 722 Babylonia:
579 669 609 706 ao
624 657 755 722 postremo
770 653 879 707 totidem
896 668 913 706 a
929 654 1157 724 transmigratione
1172 653 1205 707 ad
1222 652 1293 707 Chri·

124 743 205 791 stum.
237 737 268 791 ln
285 737 387 792 duobus
403 738 545 792 intervallis
561 739 689 809 prioribus
707 743 809 792 constat
824 755 961 804 numerum
975 739 1004 793 in
1018 740 1094 793 tertio
1106 739 1293 794 nudnutaxat

125 823 213 894 capita
223 830 400 879 numerantur.
428 823 496 878 Nam
512 823 710 895 generationum
725 824 816 878 nomin
861 841 967 879 eraouas
978 826 1050 896 ipsas
1061 823 1208 878 Matthaeus
1219 825 1292 878 intel-

124 909 199 978 ligit,
216 925 284 980 qnae
295 915 342 963 aut
352 909 477 979 gignunt,
494 915 541 964 aut
551 910 702 980 gignuntur.
734 841 914 974 Quareossum
924 909 1031 980 aliquod
1041 926 1138 964 nomen
1148 910 1203 964 sire
1215 925 1293 979 geue·

124 995 193 1049 ratio
204 1011 259 1049 una
270 995 438 1048 desideratur.
461 994 528 1050 Cum
543 993 611 1050 huno
622 993 749 1050 Matthaei
764 997 853 1052 locum
864 995 1003 1050 Christiani
1013 997 1126 1050 nominis
1138 993 1226 1048 hostes
1237 1001 1292 1048 tan·

126 1097 206 1152 quam
222 1081 432 1136 inextricabilem
447 1081 600 1146 obiicerent,
618 1081 779 1152 quaestionis
795 1081 935 1137 difficultas
951 1087 1100 1136 nostrorum
1116 1081 1240 1134 excitarit
1254 1081 1293 1134 in·

125 1167 217 1235 genia,
229 1172 256 1220 et
266 1167 419 1222 innumerae
434 1160 548 1222 rationes
559 1168 723 1238 excogitatae
735 1172 808 1221 sunt:
826 1183 937 1238 quarum
953 1165 1017 1220 haec
1033 1167 1163 1238 plerisque
1179 1183 1293 1222 commo·

125 1251 236 1305 dissime
254 1251 369 1320 ridetur,
389 1257 420 1306 ut
438 1252 601 1307 librariorum
621 1253 699 1324 culpa
717 1269 814 1306 nomen
833 1251 939 1324 aliquod
956 1251 1088 1306 exciderit.
1120 1251 1294 1316 Quamobrem

124 1335 288 1408 Epiphanius
300 1335 449 1391 leobanium
465 1339 506 1391 bis
524 1336 682 1392 allatthaeo
699 1337 814 1410 positum
826 1338 977 1402 arbitratum
993 1353 1072 1408 quam
1089 1337 1206 1392 eiusdem
1216 1353 1293 1392 roca·

124 1423 181 1476 buli
196 1423 379 1494 repetitionem
394 1423 566 1494 emoriptores
582 1423 704 1478 vitiosam
719 1425 769 1478 rati
782 1429 949 1494 praepostere
963 1429 1138 1478 oorrexerunt
1169 1423 1240 1494 Ergo
1255 1425 1293 1478 ita

124 1508 290 1562 lAatthaaum
302 1509 437 1579 scripsisse
452 1513 538 1579 putat:
563 1511 649 1562 Iasae
665 1519 748 1563 oum
761 1513 850 1578 posuit
864 1509 1025 1574 leodonium,
1042 1518 1068 1562 et
1076 1514 1180 1579 fratres
1196 1513 1250 1562 eius
1265 1513 1293 1560 ia

125 1598 353 1663 emendaremus
364 1593 516 1662 Babylonia.-
544 1595 682 1648 Ischonioa
694 1603 776 1648 aalma
786 1599 874 1663 genuit
884 1594 1045 1660 leodonium,
1062 1595 1200 1648 Icohona'ce
1210 1605 1292 1648 eutem

124 1683 214 1749 paseat
225 1679 357 1734 salathiel
371 1685 419 1734 ato.
451 1679 507 1733 Iam
526 1679 623 1734 seimus
644 1679 704 1750 quia
723 1696 758 1734 ex
772 1678 910 1750 Epiphauii
930 1685 1017 1734 menta
1032 1681 1067 1734 sit
1082 1678 1218 1734 lechonias
1233 1681 1291 1736 iste.

125 1765 199 1820 Prior
214 1765 286 1819 enim
302 1769 344 1819 est
358 1763 459 1818 loahim
474 1765 530 1819 sira
545 1765 668 1830 Bliacim,
687 1764 771 1818 loaisa
785 1763 814 1818 Ε.
831 1765 962 1820 Posterior
980 1766 1031 1820 alio
1048 1766 1156 1820 nomine
1170 1765 1292 1820 Sedocias

124 1851 210 1906 dicem
223 1855 271 1905 est
295 1849 347 1904 ese
359 1865 439 1920 quam
449 1849 592 1904 absurdum
603 1850 667 1904 illud
679 1851 725 1916 sit,
741 1851 944 1921 esuperioribus
957 1856 1066 1906 constat
1089 1851 1157 1905 Nam
1168 1851 1191 1904 si
1203 1851 1233 1905 da
1246 1851 1292 1906 Se·

126 1936 199 1990 decia
209 1951 273 2007 rege
288 1936 422 2006 loquatur,
439 1935 508 2007 quod
524 1952 558 1990 ex
575 1937 642 2007 regii
657 1936 803 1990 stemmatis
820 1937 985 1991 successione
1000 1935 1102 1990 videtur
1117 1937 1196 2002 aelle,
1213 1937 1291 1992 Sede·

125 2022 178 2075 cias
195 2039 250 2076 non
266 2020 403 2076 Ieohoniae
420 2038 504 2092 neque
516 2019 639 2087 loahimi,
657 2021 703 2075 sed
718 2021 803 2076 Iosiae
819 2021 889 2076 filius
906 2029 953 2076 est
977 2021 1024 2076 Sin
1035 2023 1145 2076 altarum
1157 2021 1292 2076 Sedeoiam

125 2107 268 2178 intelligat,
286 2107 331 2178 qui
346 2108 463 2178 privatus
480 2107 561 2172 vixit,
581 2112 622 2162 est
636 2107 681 2160 ille
692 2106 797 2176 quidem
808 2105 919 2162 Ioahimi
930 2107 1012 2173 iilius,
1028 2107 1073 2162 sed
1084 2125 1137 2162 uon
1148 2107 1291 2162 lechoniae.
1351 2147 1353 2152 -

124 2192 192 2248 liam
208 2193 255 2248 lib.
268 2211 287 2248 ι.
302 2191 388 2248 Paral.
405 2207 462 2263 cap.
473 2209 514 2258 ιιι,
528 2191 559 2246 15
575 2191 677 2246 ieelim
694 2192 779 2246 losiae
795 2193 865 2248 filius
880 2191 1029 2248 lochoniam
1049 2199 1076 2248 et
1090 2193 1225 2250 Sedeoiam
1247 2211 1292 2266 ge-

124 2281 194 2345 nuit,
209 2276 346 2334 lechouiaa
357 2277 531 2333 Salathielem
561 2278 595 2332 At
609 2275 770 2349 Epiphanius
786 2277 936 2334 Ieohouiam
953 2283 980 2334 et
990 2277 1221 2351 Sedeciam,quos
1236 2287 1291 2335 mm

125 2365 262 2436 perspicue
271 2363 404 2434 Scriptura
412 2363 561 2434 distinguit,
573 2363 723 2418 ineundam
731 2364 817 2418 rirum
826 2363 957 2420 conflarit
979 2364 1038 2419 Non
1046 2364 1154 2420 dubium
1163 2372 1217 2433 est,
1229 2368 1292 2437 quiu

124 2449 261 2504 lechonias
272 2449 325 2514 ille,
337 2449 382 2520 qui
391 2448 558 2504 Salathielem
567 2447 723 2504 aldatthaeo
733 2450 857 2520 genuisse
865 2449 967 2516 dicitur,
975 2449 1044 2506 idem
1054 2451 1088 2505 sit
1096 2469 1155 2506 cum
1165 2468 1204 2517 eo,
1214 2469 1292 2522 qoem

123 2535 343 2607 Paralipomenon
358 2535 423 2589 liber
438 2539 634 2590 commemorat
662 2533 715 2590 Sed
729 2535 797 2596 ahos
809 2535 834 2590 ei
844 2543 918 2606 pater
929 2551 1009 2606 quam
1020 2535 1291 2608 Ieohoniasquaeren-

124 2621 172 2676 dus
192 2627 242 2676 sat
281 2619 448 2676 ltaldonatus
463 2627 552 2676 noster
567 2619 668 2676 loahim
687 2637 735 2693 pro
754 2621 848 2675 iterato
863 2619 986 2676 lechonia
1004 2621 1140 2676 substituit
1158 2628 1237 2693 alque
1255 2624 1292 2676 ita

123 2707 202 2778 legit:
219 2707 319 2761 lcooisa
332 2715 414 2760 ostem
423 2711 511 2775 penaio
520 2706 684 2760 leodonium:
701 2706 839 2762 Ieohooe'os
855 2717 938 2760 autera
951 2711 1039 2776 genuit
1052 2706 1188 2762 sotadeo.
1216 2707 1291 2772 Quod

124 2793 276 2865 Scripturae
287 2797 491 2846 consentaneum
502 2797 550 2847 est

191 2875 237 2931 ’lia
249 2877 331 2949 τούτῳ
343 2881 381 2948 τῷ
392 2878 478 2948 χρόνῳ
490 2881 532 2946 τῆς
541 2875 734 2950 αἰχμαλωσίας]
754 2877 894 2948 Multiplex
903 2893 985 2944 error,
997 2894 1048 2948 qno
1057 2878 1104 2934 rix
1112 2878 1180 2932 ullus
1190 2879 1223 2934 ab
1231 2879 1291 2950 lipi-

123 2963 222 3036 phanio
234 2963 339 3035 grauior
354 2969 395 3017 eat
405 2964 570 3020 commissus.
598 2963 658 3018 Non
672 2963 743 3018 enim
759 2968 821 3034 post
830 2963 1070 3032 Hierosolymorum
1086 2963 1229 3031 excidium,
1245 2966 1291 3020 aed

123 3057 197 3106 hato
215 3055 289 3114 ante,
308 3053 369 3120 post
385 3067 403 3104 x
419 3049 539 3104 videlicet
553 3049 669 3104 tribuum
685 3048 903 3118 deportationem,
923 3049 1009 3104 coloni
1024 3050 1052 3106 iu
1068 3049 1215 3106 Samariam
1230 3053 1291 3106 sub

123 3136 213 3200 missi,
224 3134 303 3206 idque
315 3149 332 3188 a
343 3133 553 3201 Salmanaasaro,
568 3151 623 3189 non
634 3151 651 3188 a
661 3133 924 3190 Nabuchodonosore.
950 3135 1015 3190 Vide
1026 3154 1061 3190 ιι.
1074 3135 1138 3207 Bag.
1151 3153 1206 3208 cap.
1219 3155 1291 3194 xrrv.

124 3219 215 3291 Neque
231 3235 293 3274 aero
304 3220 376 3276 aolus
391 3221 420 3276 iu
434 3237 466 3276 eo
482 3235 567 3276 errore
581 3219 632 3274 tuit
642 3219 811 3292 Epiphanius.
842 3219 910 3276 Nam
926 3225 953 3276 et
963 3221 1104 3292 Procopius
1121 3222 1149 3276 in
1159 3222 1292 3276 Esaiam

124 3304 379 3360 Nabuchodonosore
391 3305 537 3362 Samariam
554 3311 581 3360 et
590 3303 713 3360 Iudaeam
729 3313 894 3377 expugnatas
906 3307 950 3361 ait.
980 3306 1060 3377 Atqui
1071 3307 1144 3364 Gom.
1155 3307 1188 3362 BA
1199 3309 1292 3364 dicitur

124 3391 294 3462 Assyriorum
312 3409 361 3446 rex
381 3392 413 3446 de
428 3391 564 3462 Babylone
584 3397 610 3446 et
630 3390 662 3446 da
678 3389 764 3446 (latha
782 3393 943 3463 metarique
957 3392 1109 3461 regionibus
1128 3393 1292 3448 transtulisse

124 3478 232 3532 colonos
243 3477 272 3532 iu
284 3475 438 3532 Samariam.
465 3479 508 3532 An
518 3483 575 3532 tum
593 3477 775 3532 Salmauassar
785 3476 949 3548 Babylonem
960 3477 1106 3543 obtinebat,
1122 3483 1152 3532 ut
1168 3480 1213 3549 qui
1229 3485 1291 3534 tuno

124 3565 150 3618 in
166 3579 201 3618 ea
215 3563 346 3634 regnabat
356 3563 522 3633 Assyriorum
538 3563 674 3634 veofigalis
690 3567 777 3618 esset?
803 3563 860 3618 Boo
875 3561 980 3633 quidem
997 3563 1132 3634 probabile
1147 3569 1194 3618 est
1223 3565 1290 3620 Nam
1315 3575 1377 3626 aar.

124 3655 184 3720 post
198 3648 369 3718 Assyriorum
383 3655 458 3704 retus
472 3649 538 3703 illud
557 3665 589 3704 ao
604 3647 756 3704 diuturnum
771 3648 910 3720 imperium
925 3648 1071 3702 extinctum
1086 3647 1291 3719 Babyloniorum

123 3733 266 3805 primordia
281 3733 493 3789 aldabouassaro
508 3739 660 3805 coeperunt,
680 3749 749 3788 anno
766 3751 821 3805 per.
837 3723 885 3789 lul.
902 3733 988 3798 3967,
1006 3738 1110 3788 centurn
1120 3735 1175 3789 iere
1186 3737 1291 3792 annisa

124 3819 268 3874 constitute
277 3819 415 3876 Medorum
425 3818 588 3886 monarchia,
599 3835 667 3891 quae
677 3819 737 3874 iniit
747 3836 815 3874 anuo
827 3817 902 3872 3838.
929 3818 1009 3874 Porro
1021 3819 1201 3876 Salmanassar
1212 3841 1229 3876 ι
1246 3824 1289 3876 tri-

124 3905 173 3960 bua
185 3904 304 3975 captivas
315 3904 426 3959 abduxit
436 3906 537 3960 circiter
548 3921 647 3960 ιιιιιιιιιι
657 3921 712 3976 per.
724 3905 772 3960 Iul.
783 3903 867 3968 3993,
879 3920 949 3958 auno
960 3903 1084 3960 Ezechiae
1096 3921 1131 3961 vr.
1158 3909 1182 3961 A
1194 3925 1245 3978 quo
1257 3911 1291 3964 ad

124 3989 365 4060 lisbopolaasarum
375 3989 625 4045 Nabuchodonosori
635 3995 736 4062 patrem
747 3989 809 4043 anni
819 3995 881 4044 sunt
891 4005 963 4046 acar.
986 3990 1069 4044 laites
1081 3991 1152 4044 enim
1161 3992 1288 4066 Nabopol.

125 4076 248 4130 murenit
258 4091 327 4130 anno
338 4091 392 4147 per.
402 4075 449 4132 lul.
458 4075 544 4140 tosa,
556 4077 606 4130 sub
618 4093 685 4146 quo,
694 4077 748 4130 imo
760 4079 820 4128 ante
831 4075 930 4146 ipsum,
939 4073 1144 4144 Babyloniorum
1153 4078 1290 4148 imperium

123 4159 217 4216 llorere
227 4161 387 4232 exutamque
398 4161 496 4232 coepit,
508 4177 568 4214 oum
578 4161 633 4217 iam
643 4162 808 4232 Assyriorum
825 4161 969 4216 seeundum
983 4160 1048 4216 illud
1065 4162 1209 4218 occidisset
1232 4165 1289 4218 lite·

124 4248 177 4302 nim
193 4253 256 4318 post
270 4246 438 4302 Assaraddon
453 4246 526 4300 nulla
541 4245 572 4300 lit
587 4245 699 4316 amplius
719 4263 812 4317 regum
826 4247 993 4317 Assyriorum
1012 4247 1124 4326 mentio,
1144 4249 1190 4304 sed
1205 4251 1289 4304 Mero·

124 4333 198 4387 meai
216 4333 264 4388 lilii
278 4331 396 4388 Baladau
406 4331 612 4401 Babyloniorum
627 4331 758 4402 principie,
776 4350 810 4386 ra.
827 4332 893 4402 Reg.
905 4351 948 4398 ιι,
962 4332 1010 4396 12,
1022 4348 1091 4387 auno
1100 4333 1225 4390 Ezechiae
1236 4353 1288 4390 ιιι.

124 4417 237 4489 ideoque
252 4423 312 4487 post
325 4415 466 4474 Merodach
482 4415 642 4488 Babylonios
657 4433 733 4489 reges
750 4417 901 4472 crediderim
917 4419 951 4470 ab
969 4418 1136 4487 Assyriorum
1155 4421 1288 4476 dominatu

124 4520 151 4558 aa
161 4505 190 4559 in
201 4505 350 4560 libertatem
359 4504 510 4560 asseruisse.

190 4587 257 4650 'l'edc
268 4606 294 4642 τι
302 4587 435 4652 Χουθαίοις
447 4587 631 4660 καλουμένοις]
649 4587 765 4656 Quatuor
773 4587 851 4648 hosce
859 4589 969 4662 populea
980 4590 1059 4663 longe
1070 4591 1145 4650 aliter
1155 4593 1289 4664 Scriptura

1045 4693 1086 4748 Β.
