3126 5046
295 335 400 392 cxcv1

359 492 439 562 Atqm
450 507 483 545 ex
493 489 632 561 Epiphauii
643 487 742 543 radone
751 489 910 559 colliguntur
921 489 983 543 anni
995 489 1123 544 duntuet
1131 503 1278 544 uccccrurr
1289 487 1412 543 edituris
1423 487 1453 542 ed

291 577 413 630 Abraerni
426 583 520 630 crtum.
554 573 706 628 bitterensis
718 580 757 628 eet
768 591 894 628 annorum
908 589 1011 640 ccxxx,
1027 577 1073 646 qui
1090 576 1117 628 in
1134 591 1187 628 uxr
1199 575 1332 628 seniorum
1344 575 1453 628 editione

292 679 326 715 ex
339 678 409 716 cxxx
422 661 534 724 Oainan,
551 667 577 714 et
592 659 707 714 centenis
724 658 850 714 Nachcris
867 669 1037 731 consurgunt.
1061 661 1147 730 Vulgo
1161 661 1231 714 enim
1241 658 1346 714 Nachcr
1358 675 1454 713 carm

291 748 449 811 tribuuntur,
461 748 493 800 ab
505 743 649 816 lipiphenio
662 761 722 799 rsrc
735 763 824 799 urere.
858 746 893 798 ut
904 761 965 800 vero
976 747 1004 800 in
1016 745 1174 816 praelatione
1188 744 1266 799 buirus
1283 746 1371 815 operis
1388 751 1415 798 et
1428 746 1455 798 in

291 834 421 886 Ancorato
432 849 505 886 num.
514 847 585 884 orer.
597 830 702 884 easdem
714 831 772 884 illae
784 826 865 899 γενεὰς
877 837 1016 902 pertexeus
1029 829 1127 884 Ceineu
1138 831 1256 884 inseruit.
1290 829 1325 883 Ut
1335 829 1402 884 illud
1412 847 1455 900 ap-

291 923 388 988 pareat,
399 935 452 972 cxx
464 917 595 970 seniorum
607 916 748 970 editionem
759 913 807 968 hac
817 915 845 968 iu
856 921 929 985 parte
940 915 1040 969 variam
1051 922 1078 968 et
1088 916 1271 987 interpolatam
1282 915 1374 970 luisse.
1392 915 1457 968 llam

291 1004 336 1056 elii
353 1002 454 1056 codices
471 1001 570 1056 cainan
587 1001 761 1065 asciscebant,
779 1000 824 1053 alii
841 1001 1035 1071 expungebant.
1070 999 1205 1070 Siquidem
1225 999 1294 1070 apud
1314 1001 1457 1054 Eusebium

292 1089 352 1143 edit.
361 1087 474 1142 Graecae
482 1103 543 1159 pag.
550 1088 573 1142 9.
583 1104 616 1140 er
627 1087 747 1140 Africano
759 1093 786 1138 et
796 1103 849 1138 uxr
857 1087 1052 1157 interpretibus,
1061 1103 1109 1139 uec
1120 1103 1174 1139 non
1185 1103 1220 1138 ex
1230 1085 1457 1139 Samaritanorum

291 1174 423 1228 Hebraicis
433 1173 640 1244 exemplaribus,
655 1172 683 1224 in
698 1169 776 1224 huius
787 1172 957 1241 genealogiae
968 1176 1092 1226 contextu
1103 1170 1202 1224 Gainan
1215 1172 1328 1224 omissus
1339 1178 1393 1236 est,
1411 1185 1457 1224 nec

292 1276 420 1314 eunocum
435 1275 539 1312 sumere
554 1272 701 1310 occccxnrr
718 1257 819 1309 excedit
834 1271 851 1308 a
867 1256 963 1310 diluric
980 1256 1013 1310 ed
1028 1256 1143 1310 natalem
1158 1257 1295 1321 sumni,
1311 1261 1377 1326 quot
1387 1256 1457 1308 eide·

291 1345 351 1398 licet
370 1361 452 1398 annos
472 1341 633 1414 Epiphanius
654 1341 702 1395 hcc
722 1342 780 1394 loco
800 1347 926 1396 numerat
962 1340 1047 1405 Quare
1067 1341 1209 1396 Eusebium
1228 1340 1271 1394 iric
1291 1341 1399 1411 quidem
1418 1358 1458 1395 se·

292 1436 368 1484 cutus
380 1435 428 1484 est

359 1514 398 1570 De
410 1513 525 1568 Geinum
537 1521 611 1567 retus
626 1518 666 1566 est
677 1512 808 1582 quaestio,
824 1528 891 1582 ques
908 1527 924 1564 e
938 1513 1125 1566 recentioribus
1140 1513 1210 1566 varie
1226 1511 1367 1583 disceptari
1382 1511 1456 1566 solet

292 1599 357 1654 Mihi
368 1598 610 1672 praetermittendus
623 1597 728 1652 omuino
740 1597 849 1666 videtur,
865 1613 927 1652 cum
937 1615 986 1651 nec
997 1599 1026 1652 iu
1035 1597 1165 1652 Hebraica
1176 1598 1296 1662 νοτίων,
1307 1611 1358 1651 uec
1368 1598 1398 1652 in
1409 1597 1457 1652 he·

292 1687 406 1740 morum
417 1685 530 1740 editione
541 1690 614 1738 extet
624 1683 736 1754 uspiam.
756 1682 830 1746 Quod
842 1683 912 1736 enim
923 1683 1015 1736 vitium
1027 1683 1053 1736 in
1066 1683 1196 1737 Hebraeos
1208 1683 1310 1736 cedices
1320 1683 1457 1754 irrepsisse

291 1771 411 1826 nonnulli
426 1777 557 1830 statuunt,
574 1769 653 1824 ulmis
669 1767 718 1822 hcc
735 1767 818 1820 otiose
833 1766 950 1838 fingitur.
983 1767 1069 1822 Lucae
1086 1769 1212 1821 autoritas
1226 1769 1379 1838 graviorem
1393 1768 1457 1821 iecit

207 1897 212 1911 .
259 1901 265 1914 .
291 1857 499 1912 controuersiam.
533 1853 585 1908 Sed
602 1862 629 1907 et
645 1852 705 1908 huic
722 1868 739 1906 a
754 1853 804 1923 piis
821 1860 847 1906 et
861 1853 1040 1908 emditisvlris
1056 1852 1210 1923 iampridem
1226 1853 1392 1908 rendacium
1407 1859 1455 1908 eet.

293 1942 357 1996 cum
373 1943 443 1996 euim
455 1940 614 1994 Graecorum
631 1938 731 1992 codices
742 1938 822 2008 vulgo
834 1936 980 1992 Geiuauum
994 1937 1159 2002 exhiberent,
1176 1937 1274 2004 Lucas,
1291 1938 1338 2008 qui
1349 1937 1456 1992 Graecis

293 2027 435 2091 scribebat,
446 2043 499 2080 ncn
512 2023 614 2077 aliunde
626 2023 807 2094 genealogiam
818 2023 909 2090 istam,
921 2039 1001 2093 quem
1013 2040 1045 2076 er
1057 2023 1160 2078 illorum
1171 2023 1245 2076 libris
1257 2023 1375 2094 scripsit,
1385 2023 1456 2077 ideo·

294 2127 344 2182 que
357 2117 383 2164 et
395 2110 539 2166 Gainanum
550 2109 670 2173 inseruit,
683 2125 761 2180 quem
772 2109 795 2162 si
806 2108 904 2178 alioqui
914 2109 1142 2179 praetermitteret,
1159 2107 1274 2163 Graecos
1289 2109 1363 2178 ipsos
1375 2108 1456 2162 offen-

293 2195 372 2250 deret.
396 2193 481 2258 Quare
492 2193 557 2247 nibil
568 2195 718 2248 alternum
729 2193 756 2246 in
770 2199 873 2263 partem
888 2193 1034 2259 affirmans,
1051 2209 1116 2264 quas
1133 2194 1162 2247 in
1171 2193 1401 2248 ‘Graece‘edlticne
1410 2210 1457 2264 gs

292 2281 439 2334 nereticnes
455 2285 597 2349 repeteret,
613 2279 764 2348 simpliciter
777 2277 896 2334 reddidit.
915 2277 1141 2343 'Quemadmodum
1153 2279 1247 2349 siquis
1259 2277 1405 2349 Aethiopas
1414 2295 1456 2334 ce·

293 2364 416 2420 thelicam
433 2364 467 2418 ad
483 2363 562 2418 fidem
579 2363 718 2441 perducere
735 2364 824 2418 rolens
841 2379 935 2434 regum
948 2365 1055 2418 illorum
1075 2365 1268 2420 suceeasionem
1286 2381 1321 2418 ex
1338 2365 1456 2436 vulgetis

293 2467 383 2504 eorum
395 2449 532 2504 annalibus
545 2455 708 2518 excerperet,
718 2449 824 2502 umetsi
833 2450 963 2520 quispiam
972 2450 1088 2502 incussu
1095 2451 1124 2504 lu
1133 2463 1271 2504 tammum
1281 2449 1390 2516 aaut
1403 2467 1457 2504 nou

292 2535 356 2590 haec
368 2534 487 2590 catholici
498 2535 644 2604 scriptcm,
656 2533 702 2588 sed
713 2531 879 2589 historiarum
891 2541 916 2588 et
927 2535 1061 2588 annalium
1072 2551 1131 2590 esee
1141 2535 1219 2606 calpe
1226 2535 1380 2590 crederetur.
1400 2536 1456 2589 lice

292 2637 342 2691 ego
351 2638 410 2675 cum
419 2620 535 2675 Perrerio
543 2624 649 2684 nocuo,
659 2618 792 2684 lucceio,
805 2617 971 2674 Geeebrardc
981 2620 1090 2689 aliisque
1099 2619 1181 2674 docus
1189 2627 1217 2673 et
1224 2621 1275 2690 piis
1283 2621 1456 2692 scriptoribus

292 2707 425 2776 probabile
437 2723 538 2760 censeo.

295 2837 302 2850 ,
358 2789 435 2862 Ἕβνρ
448 2791 474 2844 di
486 2795 558 2862 γεννᾷ
569 2791 612 2844 ebe
623 2789 732 2857 celse]
765 2789 889 2844 Meedutu
903 2795 944 2844 est
954 2802 1007 2844 nott
1018 2789 1169 2861 Epiphauii,
1185 2790 1231 2846 sed
1243 2790 1346 2846 librarii
1361 2791 1390 2844 ia
1407 2806 1457 2846 uu·

291 2894 422 2932 merorum
433 2884 503 2930 ncta.
526 2875 590 2946 leeg.
602 2877 690 2946 tuque
702 2870 757 2946 pii'
769 2881 800 2928 ut
810 2891 845 2928 ex
855 2875 974 2944 sequenti
985 2875 1136 2930 collectione
1147 2877 1405 2946 perepicnecomtat.

359 2961 428 3014 Κατὰ
439 2961 466 3014 u
477 2961 558 3032 fiper
570 2956 647 3012 ἓλλον
659 2957 831 3031 ἀντιγράφων]
866 2959 1000 3024 Quum
1016 2961 1062 3014 ille
1074 2961 1129 3014 sint
1145 2961 1316 3032 exemplaria,
1334 2977 1404 3032 qaae
1421 2965 1458 3017 ab

292 3055 350 3103 ortu
361 3047 423 3102 Sem
435 3047 468 3100 ed
481 3063 567 3111 oxu..
579 3047 621 3100 rel
632 3061 676 3102 rc.
688 3045 812 3102 suuni
823 3061 905 3100 auuce
917 3050 1010 3118 petent
1021 3057 1155 3112 acervus,
1168 3045 1217 3100 hcc
1229 3051 1271 3100 est
1280 3046 1409 3102 tadilurio
1422 3049 1458 3102 ad

292 3133 415 3186 Abraemi
426 3137 512 3186 crtnne
523 3141 673 3197 cccxuvttr,
689 3131 831 3202 comperire
846 3147 900 3184 non
911 3131 992 3201 potui.
1027 3131 1116 3202 Neque
1125 3131 1198 3184 enim
1209 3129 1337 3186 Hebraico.
1346 3139 1395 3186 aet
1407 3132 1459 3187 Sa·

292 3219 432 3282 medune,
451 3223 497 3270 eut
506 3221 638 3286 postremo
650 3233 703 3270 uxr
715 3217 849 3270 eenmrum
860 3215 986 3270 editiones
997 3217 1034 3272 ite
1044 3221 1190 3270 nummeat
1225 3215 1351 3280 Quocirca
1362 3227 1460 3272 terem

292 3310 322 3358 ut
331 3303 449 3372 integrae
461 3303 514 3356 sint
524 3303 671 3356 numerales
682 3301 822 3372 Epiphanii
832 3307 916 3357 noae.
938 3301 1088 3356 &undum
1099 3301 1277 3358 Samaritanus
1289 3305 1461 3358 etncnnelle

292 3407 345 3442 nu
356 3389 525 3459 interpretum
536 3387 708 3459 exemplaria,
725 3403 792 3457 quae
807 3387 931 3440 adiluric
943 3387 975 3439 ad
988 3393 1073 3440 crtum
1085 3387 1301 3442 Abraemiannce
1313 3397 1462 3444 nummut

293 3488 454 3538 nccccxnrr,
466 3472 559 3526 additis
572 3488 668 3527 ccxxx.
680 3472 747 3526 fiunt
758 3473 791 3526 ab
804 3479 862 3525 ortu
873 3471 936 3526 Sem
947 3471 981 3524 ed
992 3489 1071 3526 unx.
1085 3473 1208 3526 Abraemi
1219 3473 1282 3526 euni
1293 3487 1400 3528 scum.

359 3558 390 3613 N.
402 3577 438 3612 rx.
463 3557 498 3610 Tu
511 3555 558 3628 γὰρ
571 3557 752 3628 pascalibus]
774 3557 903 3612 Nicander
914 3555 989 3611 Ther.

527 3641 627 3713 Τνφλήν
639 3659 676 3713 τε,
689 3643 808 3713 σμερδνήν
819 3660 846 3694 τι
858 3643 954 3712 βροτοῖς
966 3641 1005 3696 ircl
1016 3641 1101 3712 λοιγὸν
1114 3638 1221 3713 ἄγουσαν

527 3724 657 3797 dispuitur
670 3731 801 3799 προχοῇσιν
813 3725 846 3778 tvl
857 3726 1007 3793 θνήσκουσαν
1020 3725 1128 3799 ἁμάξαις.

292 3815 398 3871 Scholia
408 3814 501 3868 docent
511 3814 538 3866 iu
553 3819 669 3868 rotarum
686 3813 776 3866 orbitis
794 3812 982 3882 deprehensum
1000 3830 1099 3868 murem
1116 3825 1253 3879 mauman,
1271 3811 1340 3884 quod
1359 3823 1462 3872 aecus

292 3905 340 3968 sit,
351 3901 403 3956 illic
415 3899 533 3954 iuterllci.
562 3899 596 3951 At
606 3897 704 3952 Plinius
716 3897 761 3953 lib.
771 3916 807 3952 rx.
820 3915 876 3969 cup.
886 3915 960 3956 rum.
984 3899 1066 3952 Iidem
1078 3899 1295 3968 ulimmerius,
1308 3899 1424 3955 ouran
1438 3909 1464 3956 se·

293 3991 429 4048 transcen,
439 3989 591 4046 mouentum
608 3983 684 4052 quasi
697 3999 752 4036 ucu
764 3983 860 4038 obtritu
871 3990 998 4050 rotarum,
1016 3983 1061 4038 sed
1073 3984 1099 4037 vi
1110 3984 1222 4054 quadam
1233 3985 1324 4038 orbitis
1336 3985 1408 4055 ipsis
1420 3987 1463 4042 in·
1551 4055 1552 4064 ἵ

293 4071 345 4123 dita
355 4069 532 4124 conficientur.

359 4153 399 4215 Εἰς
411 4153 519 4224 >subducte
531 4152 661 4223 seleucias]
685 4152 737 4206 Diu
749 4153 811 4224 quid
822 4160 891 4207 esset
902 4153 1012 4224 aslspiur
1025 4153 1131 4223 λώβησις
1142 4154 1333 4224 ignoravimus:
1347 4161 1464 4213 tametsi

292 4238 453 4294 doctissimos
465 4241 601 4310 plerosque
613 4239 694 4302 viros,
712 4255 742 4290 ac
758 4239 909 4308 praesertim
924 4239 1039 4292 medicos
1055 4240 1086 4292 de
1102 4255 1134 4292 ea
1145 4256 1207 4294 voce
1219 4240 1463 4302 consuluissemus.

293 4323 377 4387 Quare
387 4325 514 4378 Graecum
524 4326 611 4396 ipsum
619 4339 714 4378 nomen
723 4323 750 4376 in
759 4323 852 4378 Latina
859 4324 1070 4395 interpretatione
1082 4324 1281 4395 exprimendum
1292 4329 1464 4398 putavimus,

293 4416 320 4462 et
336 4408 368 4462 ad
383 4411 528 4479 marginem
543 4409 741 4464 haesitationem
756 4413 873 4462 nostram
889 4409 1003 4480 ingenue
1014 4409 1124 4482 professi
1135 4426 1234 4463 sumus.
1269 4409 1340 4464 Inter
1351 4429 1463 4484 omncs,

293 4511 359 4564 quos
370 4493 489 4554 adhibui,
500 4497 635 4548 constabat
644 4496 814 4568 depravatum
824 4493 874 4549 hoc
885 4511 942 4548 esse
953 4495 1116 4550 vccabulum.
1151 4495 1250 4560 Quibus
1266 4511 1299 4548 ne
1311 4503 1464 4557 assentirer

294 4577 426 4642 obstabat,
444 4577 512 4645 quod
527 4578 584 4631 aliis
601 4580 629 4632 in
644 4579 709 4634 locis
726 4579 782 4634 sine
799 4579 853 4634 ulla
866 4581 991 4636 verietate
1007 4598 1059 4636 uox
1076 4580 1167 4634 eadem
1183 4581 1294 4652 repetita
1309 4581 1461 4652 legeretur,
