3104 5038
1187 301 1262 357 0001

104 465 168 522 etat,
185 477 275 512 manua
292 467 388 512 tanturn
405 463 442 512 eis
458 463 628 529 inponantur,
644 467 673 511 ut
686 462 820 528 accipiant
837 461 943 528 spirtum
959 467 1080 514 sanctum.
1107 457 1142 510 Ae
1152 457 1261 527 August

103 545 147 598 iih.
157 563 197 598 ιιι.
210 544 242 597 de
253 544 330 615 Bapt.
346 550 435 598 eontra
451 545 602 598 Donatistae
617 559 673 615 cap.
684 563 739 597 xa:
765 545 930 604 Quamobrem
947 548 971 596 ei
988 545 1152 612 eronqeticie,
1168 543 1262 613 iuquit,

104 631 188 682 uerbis
198 635 226 682 in
238 635 335 682 nomine
342 635 430 700 patria
441 631 524 700 etfliii
535 641 560 683 et
569 633 675 700 spiritua
685 628 770 681 iuncti
781 629 901 681 Marcion
917 630 1065 698 baptismum
1089 629 1262 692 consecrabat,

103 721 228 783 iuteprum
240 725 299 767 erut
308 725 493 768 sacramentum
500 755 507 779 ,
524 721 637 786 maturis
654 717 779 784 eiusfides
789 715 833 765 sub
846 716 936 767 eisdem
948 715 1032 766 uerbis
1043 715 1117 766 αίίιιιί
1126 718 1263 783 opinantis,

103 819 178 868 mam
197 801 327 852 catholica
344 806 441 854 ueritas
458 804 541 864 docet,
563 819 610 852 non
631 809 695 852 essct
713 805 826 868 intepra‚
846 801 893 851 aeci
901 801 1032 868 sabulosis
1042 800 1205 868 falsitatibus
1223 803 1263 850 iu-

103 889 220 955 quinata.
245 885 314 937 Nam
326 887 370 938 aab
383 887 473 939 &selem
485 887 581 950 uerbis,
598 889 628 938 ιἰί
640 890 714 938 estin
726 890 822 938 nominee
829 889 917 954 patris
928 887 1011 954 etfilii
1021 893 1046 937 et
1055 889 1161 954 spiritus
1171 889 1262 947 sancti,

103 989 151 1023 non
160 973 240 1023 solum
251 971 383 1035 Alurciun,
401 981 447 1024 aut
462 972 620 1035 Valentinus,
637 980 683 1024 aut
694 972 787 1034 Arius,
804 979 849 1022 aut
860 970 1008 1033 Ειιιιοοιίιιι,
1025 973 1071 1022 sed
1080 975 1132 1040 ipsi
1144 971 1263 1022 carnutes

100 1059 211 1124 paruuli
221 1058 355 1119 ecclesiae,
374 1059 405 1108 de
416 1057 503 1124 quibus
515 1057 617 1110 ‹ir'cebat
628 1058 767 1126 apostolus:
786 1075 833 1107 nou
842 1059 915 1124 potui
925 1057 992 1123 loqui
1003 1057 1083 1118 euobis,
1102 1061 1177 1126 quasi
1187 1059 1262 1126 spiri-

104 1143 211 1204 talibus,
223 1143 268 1193 sesi
278 1147 353 1212 quasi
364 1143 525 1206 carnatibus,
536 1133 670 1211 apostant
679 1143 774 1210 sinaut·
786 1143 920 1209 dilipenter
932 1145 1100 1208 interruperi‚
1113 1151 1148 1194 tot
1159 1143 1263 1194 diuersi·

104 1236 169 1279 tates
180 1231 322 1295 opinionum
328 1231 464 1294 fortassis,
477 1237 534 1296 quot
545 1228 654 1280 homines
665 1235 864 1280 numerarentur.
896 1225 1029 1279 Postremo
1042 1225 1153 1279 Basilius
1166 1227 1193 1279 in
1205 1227 1263 1296 upi-

103 1313 171 1364 stola
183 1311 216 1364 ad
227 1310 432 1382 Amphilochium
445 1312 507 1367 Oen.
518 1329 600 1366 xnust.
611 1312 769 1377 linoretitas,
782 1309 959 1380 Saocophoros
972 1312 1166 1381 etApotaetitas
1178 1312 1264 1365 denno

104 1397 276 1466 baptizandos
287 1413 343 1450 esse
356 1403 445 1450 censet
455 1399 510 1468 ipse
522 1398 634 1468 quidem.
670 1397 716 1450 Sin
728 1402 779 1462 ost,
795 1402 823 1449 ut
835 1395 1043 1466 Amphilochius,
1054 1397 1159 1467 perinde
1170 1413 1200 1450 ac
1213 1397 1264 1450 Ro·

103 1484 188 1546 mani,
205 1480 343 1551 οἰκονομίας
355 1482 418 1543 τινὀς
430 1483 512 1552 ἕνεκα,
530 1482 558 1534 sb
570 1487 615 1534 τοῦ
627 1480 811 1552 ἂναβαπτιαμοῦ
823 1487 941 1552 respuat,
958 1479 1126 1535 nihilominus
1137 1464 1264 1536 iunonem

103 1583 180 1620 suam
192 1568 278 1620 valere
290 1569 450 1638 pronunciat.
474 1568 531 1631 Qua
542 1567 573 1622 de
586 1585 612 1621 re
624 1569 716 1637 synodi
729 1567 859 1620 decretum
872 1567 1070 1637 expectandum.
1095 1567 1165 1620 idem
1177 1573 1264 1620 antem

104 1651 166 1704 Oen.
179 1671 196 1706 ι.
209 1669 239 1705 eo
250 1654 408 1723 propendere
419 1655 520 1706 ridetur
537 1661 566 1706 nt
582 1653 725 1706 haereticos
743 1669 833 1705 omnes
850 1654 942 1704 iterato
961 1652 1129 1722 baptizandos
1146 1667 1204 1706 ease
1222 1654 1264 1706 de·

104 1743 202 1792 cernat.
223 1737 290 1790 Nam
302 1739 372 1790 alind
384 1755 440 1791 esse
453 1739 516 1792 dicit
525 1739 652 1804 haeresin,
665 1738 734 1790 aliud
746 1737 863 1802 schisma,
876 1737 945 1790 alind
958 1739 1178 1808 nupaouuupopiu.
1197 1737 1264 1791 Hae·

103 1825 169 1876 rasis
181 1829 223 1876 eet
235 1839 301 1892 quae
313 1826 471 1878 eontmrinm
482 1825 595 1894 aliquem
607 1824 668 1877 fidei
679 1830 766 1876 tuetnr
776 1839 897 1876 errorem.
927 1821 1045 1876 Schisma
1055 1839 1116 1876 sero
1129 1823 1264 1875 dissidium

104 1915 144 1960 est
161 1910 196 1962 ob
215 1910 404 1962 ecclesiasticas
423 1909 548 1980 quasdam
568 1911 755 1962 conhoversies
774 1913 902 1962 exortum.
925 1909 960 1960 At
976 1909 1187 1978 ααραοοναγωγλ,
1205 1923 1264 1961 enin

103 1999 273 2048 contumaces
285 1995 428 2064 presbyteri
440 2001 485 2048 aut
496 1996 623 2065 episcopi,
640 2002 686 2047 ent
698 1995 777 2047 etiam
789 1995 846 2046 iaici
858 2009 909 2046 non
923 1993 1053 2062 legitimos
1065 1999 1207 2046 conventus
1219 1992 1264 2045 ha-

104 2079 175 2131 bent.
198 2077 254 2131 lam
267 2080 310 2148 qni
322 2095 356 2132 ex
367 2079 506 2132 schismate
523 2085 568 2132 ant
580 2083 778 2150 παρααοναγωγῇ
789 2079 822 2131 ad
834 2079 970 2132 ecclesiam
982 2083 1152 2145 revomantur,
1164 2097 1197 2132 ex
1210 2095 1264 2131 ma-

104 2165 189 2216 iorum
202 2165 338 2217 traditione
350 2165 406 2217 sina
419 2166 548 2234 baptismo
560 2165 719 2236 recipiendos
732 2181 789 2218 esse
802 2165 898 2219 delinit.
923 2165 1070 2216 haereticos
1082 2170 1169 2217 autem
1181 2165 1264 2218 denuo

104 2249 283 2318 baptizandos.
302 2249 468 2319 Quanquam,
481 2253 578 2320 inquit,
590 2250 734 2321 Cyprianus
747 2255 772 2302 et
780 2249 944 2302 Firmilinnus
957 2267 1047 2302 omnes
1059 2256 1113 2302 tam
1121 2249 1265 2303 haereticos

105 2351 184 2402 qnam
202 2333 379 2388 schismaticos
395 2336 591 2404 rebaptizandos
608 2351 665 2388 esse
682 2341 848 2400 censuerant,
866 2337 948 2406 quod,
967 2353 1026 2388 oum
1045 2353 1073 2389 se
1090 2337 1123 2388 ab
1141 2338 1265 2390 ecciesiae

105 2421 291 2472 communione
302 2421 471 2485 minuerint,
483 2423 626 2491 interrupta
637 2422 708 2482 sitin
720 2422 772 2473 iilis
785 2421 889 2491 spiritus
902 2423 985 2474 sancti
998 2423 1094 2491 gratis,
1106 2439 1154 2474 nec
1169 2439 1226 2474 eam
1239 2423 1265 2474 in

105 2511 223 2558 caeteros
241 2505 352 2575 amplius
369 2507 470 2576 possint
485 2507 673 2560 transfundere.
710 2506 752 2557 Aio
771 2504 804 2566 ιῖις
820 2503 886 2576 παρὰ
902 2505 994 2558 hainau
1007 2505 1196 2575 βαπτιζομένους
1208 2505 1265 2566 τοὺς

106 2587 165 2658 παρ’
178 2589 259 2641 αὐτῶν
272 2589 399 2642 ἐκέλευσαν
411 2589 557 2661 ἐρχομένους
568 2589 607 2642 tut
619 2591 661 2657 τὴν
676 2589 806 2656 ἐκκλησίαν
823 2595 860 2660 τῷ
878 2587 985 2656 ιἰληθινῶ
1004 2591 1152 2659 βαπτίσματι
1169 2595 1205 2659 τῷ
1224 2593 1264 2655 τῆς

106 2672 235 2739 ἐκκλησίας
253 2673 464 2746 ἀνακαθαίρεσθαι
494 2677 635 2746 Propterea
646 2681 684 2728 sio
697 2677 755 2729 illos
767 2685 884 2744 tanquam
897 2695 914 2726 a
927 2677 1003 2726 iaicis
1015 2676 1167 2744 baptizatos,
1186 2677 1264 2728 detrun
1290 2696 1311 2735 p.
1320 2685 1363 2730 ubl.

105 2765 242 2822 iusserunt,
260 2781 314 2812 cum
333 2763 370 2813 ad
385 2765 517 2814 ecclesiam
535 2765 659 2825 redirent,
676 2779 735 2812 uero
753 2763 875 2812 ecclesiae
886 2762 1008 2828 baptismo
1019 2764 1165 2828 repurpurs'.
1200 2761 1263 2812 Mox

105 2846 219 2909 subiicit,
230 2844 328 2912 Ἐπειδὴ
339 2846 365 2898 δὲ
374 2845 439 2907 ὅλως
451 2844 520 2907 ἔδοξέ
529 2863 575 2898 τισι
584 2849 634 2896 τῶν
643 2843 705 2896 κατὰ
714 2845 757 2911 τὴν
766 2843 856 2914 Ἀσίαν,
869 2841 1007 2913 οἰκονομίας
1018 2843 1086 2895 ἕνεκα
1095 2847 1144 2896 τῶν
1153 2843 1264 2908 πολλῶν,

106 2931 222 3001 δεχθῆναι
235 2931 315 2982 aindas
328 2931 356 2982 s'o
369 2930 504 3001 βάπτισμα,
518 2929 690 2982 iruniensis:
706 2931 829 2992 erouiom
841 2939 923 2982 antem
934 2932 1041 2982 Asianis
1049 2932 1195 2998 quibusdam
1204 2933 1263 3000 pla-

107 3020 172 3079 cuit,
184 3023 263 3086 pace'a
275 3033 307 3068 ac
319 3020 470 3070 concordiae
480 3021 570 3085 pratia
582 3019 612 3068 tu
622 3021 716 3068 remitti
726 3025 852 3086 oportere,
868 3025 988 3068 uteorum
1001 3017 1127 3085 baptisma
1139 3021 1264 3085 recipere·

106 3111 155 3162 tur,
168 3111 218 3153 esto
230 3113 363 3170 receptum.
384 3103 435 3155 Sed
447 3102 591 3154 Encsatitas
603 3102 798 3172 rebaptizandos
811 3117 868 3154 esse
880 3101 1033 3153 nominatim
1044 3102 1145 3153 statuit:
1158 3099 1198 3152 ἐὰν
1210 3101 1264 3170 μέν·

106 3203 143 3236 τοι
156 3184 234 3256 μέλλῃ
247 3191 276 3257 τῇ
289 3187 397 3239 καθόλου
409 3185 535 3258 οἰκονομία
547 3185 664 3256 ἐμπόδιον
676 3184 770 3239 ἔσεσθαι
782 3191 867 3256 τοῦτο,
886 3185 958 3236 πάλιν
974 3189 1010 3255 τῷ
1029 3182 1074 3237 ἔθει
1087 3187 1207 3256 χρηστέον
1225 3186 1264 3237 uai

107 3275 159 3331 τοῖς
177 3269 350 3341 οίαονομήσασι
366 3271 396 3324 τὰ
411 3271 465 3322 καθ’
476 3271 540 3342 ἡμᾶς
558 3271 675 3342 πατράσιν
693 3271 883 3336 ιἰαολουβητίονε
906 3271 952 3323 Sin
965 3280 1001 3324 eat
1010 3281 1037 3324 ιιι
1048 3276 1156 3324 iteratus
1167 3273 1209 3323 ilie
1221 3273 1264 3324 Aa·

103 3363 214 3428 ptiemue
226 3361 292 3426 paci
307 3359 430 3410 ecelen'ae
447 3360 709 3426 administrationique
726 3359 800 3420 obsit,
817 3359 901 3409 attera
912 3359 959 3408 iiia
972 3359 1121 3409 consuetudo
1136 3359 1265 3409 omittendi

108 3444 229 3512 baptismi
238 3447 385 3496 retineatur.
421 3443 490 3494 Haeo
507 3443 612 3496 uberius
630 3459 664 3494 ex
681 3442 783 3494 dmreto
800 3443 844 3494 ilio
856 3441 947 3494 Basilii
965 3457 1168 3495 commemorare
1178 3445 1264 3495 uisum

108 3535 161 3592 est,
179 3527 248 3598 qnod
259 3529 378 3581 multain
390 3543 421 3581 eo
433 3527 554 3592 mirifica,
572 3532 608 3592 et,
627 3528 754 3580 siveram
772 3527 934 3596 quaerimus,
951 3543 1044 3597 parum
1062 3527 1188 3582 catholice
1205 3543 1266 3582 con-

107 3615 231 3666 tinentur.
250 3613 314 3666 Nam
325 3613 393 3683 quod
402 3612 607 3682 rebaptizandos,
619 3614 642 3664 si
654 3613 710 3665 sine
718 3613 839 3665 scandalo
851 3611 908 3665 fieri
919 3614 1009 3682 possit,
1020 3611 1162 3666 haereticos
1175 3629 1265 3666 omnes

107 3697 356 3762 aiiirmareridetur,
375 3699 567 3768 quodquesine
585 3699 715 3768 baptismo
732 3698 868 3768 plerosque
885 3698 1045 3768 recipiendos
1063 3699 1096 3751 ob
1114 3715 1171 3751 eam
1187 3715 1265 3751 unam

108 3799 229 3838 massam
244 3784 388 3848 existimat,
407 3783 469 3852 qnia
485 3783 600 3854 idipsum
615 3781 752 3854 οἰκονομίας
765 3781 834 3833 irena
845 3782 901 3834 fieri
912 3784 1021 3853 placuit,
1038 3799 1131 3854 parum
1148 3799 1207 3836 cum
1225 3799 1265 3836 ec·

107 3869 254 3922 clesiastico
265 3869 387 3939 dogmate
400 3869 528 3922 convenit„
562 3868 636 3931 Quod
648 3868 752 3938 quidem
764 3866 952 3921 haereticorum
964 3869 1121 3939 baptismum
1133 3885 1166 3921 ex
1179 3867 1266 3921 oadun-

108 3956 158 4008 iico
171 3956 223 4007 ritu
234 3971 264 4007 ac
276 3955 434 4024 praescripto
445 3958 594 4024 susceptum
607 3955 744 4023 approbat,
756 3969 804 4005 nec
816 3954 902 4006 iterari
913 3953 966 4006 uilo
978 3953 1055 4006 modo
1067 3955 1170 4023 patitur.
1192 3952 1265 4016 Quod

109 4041 132 4094 si
143 4040 219 4092 aliter
228 4055 306 4108 quam
315 4047 344 4092 nt
351 4041 380 4092 in
389 4039 498 4094 ecclesia
506 4045 639 4112 receptum
651 4044 698 4103 est,
709 4036 758 4091 hoc
767 4045 848 4092 estex
858 4039 1108 4108 legitimaiormnia,
1120 4039 1264 4109 baptismus

108 4143 162 4180 non
174 4124 252 4177 modo
264 4125 297 4178 ab
309 4125 456 4188 haereticis,
470 4124 564 4176 sedvel
576 4125 639 4194 ipsis
651 4123 784 4176 catholicis
796 4123 931 4188 tribuatur,
943 4125 1014 4176 nulla
1022 4125 1093 4194 pacis
1103 4125 1266 4179 concordiae·

109 4227 160 4282 que
173 4210 258 4280 specie
269 4215 354 4279 potest
365 4209 458 4262 adduci
468 4215 498 4260 nt
509 4209 574 4261 citra
584 4223 682 4262 notum
693 4209 852 4278 baptismum
864 4211 1012 4280 quempiam
1024 4209 1150 4264 admittat.
1182 4209 1266 4275 Quare

108 4296 140 4349 de
152 4295 291 4348 Euesatitis
302 4311 395 4365 parum
407 4299 581 4347 consentaneo
597 4295 676 4346 sentit
686 4293 811 4360 Basilius,
829 4299 858 4347 nt
874 4301 900 4346 et
915 4294 1058 4365 Cyprianus
1072 4295 1148 4361 olim,
1164 4297 1221 4366 qui,
1238 4303 1267 4349 nt

109 4382 273 4451 Augustinus
284 4379 407 4433 adsersus
419 4379 570 4432 Donatistae
587 4379 689 4449 saepius
705 4379 831 4444 manicat,
848 4382 997 4450 praesertim
1014 4381 1079 4434 libro
1092 4399 1120 4436 11.
1137 4387 1163 4434 et
1178 4401 1216 4436 ιιι.
1234 4383 1266 4435 de

108 4466 259 4537 Baptismo,
281 4466 384 4518 tametsi
401 4465 502 4518 unitum
519 4480 577 4518 esse
592 4465 752 4534 baptismum
772 4465 958 4519 haereticorum
972 4471 1100 4532 censeret,
1117 4473 1204 4522 menen
1221 4467 1266 4538 qni

108 4552 264 4622 rebaptizari
275 4551 386 4614 nollent,
403 4551 436 4604 ab
448 4550 573 4604 ecelesiae
584 4552 766 4606 communione
782 4567 946 4622 nequaquam
962 4551 1019 4604 ideo
1036 4553 1195 4623 repellendos
1207 4567 1266 4606 een·
