3126 5046
1113 335 1279 398 oomvll

112 491 182 546 idem
193 495 297 562 tempos
309 491 344 546 ed
353 505 451 546 noram
462 489 631 546 delimatam
641 491 778 546 besdiesm
787 491 905 560 donym
915 491 995 546 ricini
1005 507 1022 546 a
1032 490 1130 548 Basilio
1142 495 1280 550 conuocati

113 581 201 630 meent
212 577 340 647 episcopi,
356 577 493 646 epistolam
511 575 543 630 ad
555 593 600 630 eos
613 577 717 648 scripsit
727 577 897 648 hortatusque
908 583 948 630 est
959 582 989 630 ut
999 576 1111 632 Eudoxii
1122 585 1199 650 atque
1208 579 1280 634 seut.

111 667 276 732 grussutem
286 663 447 732 impletatem
458 663 596 716 autoritate
608 677 657 716 sua
668 668 870 732 compescerent.
889 661 927 716 Eu
934 662 986 716 tuit
993 663 1124 732 ancyrani
1135 672 1276 722 conventus
1364 650 1367 656 ¹

112 749 230 812 masio,
241 763 259 800 a
269 763 321 817 quo
332 747 413 816 legati
424 745 457 800 sd
469 747 652 818 imperatorem
664 747 753 812 missi,
765 747 878 802 Basilius
889 749 958 818 ipse,
969 747 1121 804 Euetatbius
1133 749 1277 816 Sabostius,

110 832 238 886 Leontius
247 831 334 902 Gyuioi
342 831 472 902 episcopi,
484 833 530 902 qui
538 833 694 886 nominatim
702 830 752 886 boe
761 837 891 903 peterent,
903 839 933 886 ut
941 833 1102 888 Sardioeusis
1113 851 1144 888 ao
1153 835 1277 890 Sirmiaui

110 918 217 974 concilii
234 917 336 972 decreta
354 921 525 974 servarentur.
559 917 616 972 lam
632 917 697 972 illud
714 935 748 972 ax
765 919 942 988 superioribus
959 918 1109 984 didicimus,
1128 919 1277 974 Eudoxium

110 1017 182 1056 anuo
191 1017 297 1058 ooouvn
309 1019 369 1056 oum
378 1002 478 1057 Romae
486 1018 540 1056 una
553 1017 614 1058 eum
621 1003 777 1074 imperatore
789 1009 865 1068 esset,
881 1003 970 1058 audita
979 1004 1081 1058 Leontii
1092 1010 1175 1060 morte
1187 1007 1277 1061 Antio·

110 1087 198 1142 ebism
215 1089 317 1144 mxu.
329 1087 386 1143 lun.
405 1104 463 1142 esse
480 1088 633 1159 proiectum.
668 1087 725 1153 Qus
741 1089 769 1144 in
787 1089 849 1142 urbe
861 1084 999 1145 Ursmii'et
1006 1090 1122 1144 Valentis
1134 1092 1222 1146 literas
1234 1107 1277 1145 ao-

110 1175 181 1246 cepit
191 1191 252 1228 eum
262 1173 324 1228 fidei
334 1173 461 1239 formula,
479 1188 546 1243 qnae
561 1177 606 1226 τοῦ
618 1171 751 1244 ὁμοονσίου
763 1179 842 1245 atque
854 1172 995 1245 bpotcoeloo
1006 1191 1084 1228 uoces
1097 1176 1228 1230 obliterari
1238 1177 1277 1230 iu·

112 1261 199 1314 bebai.
221 1259 268 1313 list
278 1264 375 1325 summ,
387 1265 416 1312 ut
427 1275 461 1314 ex
469 1259 568 1314 Hilario
579 1261 791 1326 monstravimus,
804 1260 894 1314 eadem
906 1261 951 1314 ills
961 1259 1083 1325 formula,
1096 1277 1175 1330 quam
1186 1263 1213 1316 in
1223 1261 1277 1316 Sir·

109 1345 207 1399 miensi
217 1345 318 1414 synodo
329 1345 443 1400 seeundo
454 1345 512 1400 looo
524 1343 648 1398 dictatam
660 1345 817 1400 arbitrentur
829 1363 928 1402 omues.
947 1345 1021 1410 Quod
1033 1347 1056 1399 ei
1068 1363 1136 1400 anno
1148 1347 1278 1416 sequenti,
1372 1373 1373 1376 ¹

109 1430 160 1484 boc
172 1435 214 1484 eet
225 1443 340 1484 oocnvn.
353 1429 496 1484 sirmiense
513 1430 654 1484 eonsilium
670 1429 789 1486 habitum
806 1437 860 1496 est,
877 1437 907 1486 nt
922 1431 1015 1486 iisdem
1032 1432 1166 1484 autoribus
1184 1433 1276 1501 placet,
1364 1467 1366 1471 ,

108 1531 196 1584 neque
204 1515 347 1580 Eudoxias,
358 1516 470 1570 nemius
481 1520 508 1570 et
516 1515 636 1582 Uraniae,
648 1533 732 1586 neque
744 1517 858 1570 Basilius
870 1517 926 1587 ipse
937 1533 968 1570 ao
978 1515 1106 1585 Georgius
1115 1515 1276 1572 Laodicenos

109 1600 249 1654 Sirmiensi
260 1601 360 1669 synodo
373 1616 404 1654 ao
415 1599 519 1654 Photioi
530 1601 692 1654 damnationi
702 1601 882 1657 interfuerunt
914 1601 988 1666 Quod
1000 1601 1032 1654 de
1043 1600 1140 1656 basilio
1153 1617 1216 1656 eane
1227 1603 1276 1655 ial-

108 1685 245 1738 sissimum
263 1691 313 1751 set,
332 1687 376 1754 qui
393 1700 492 1755 magns
507 1701 568 1756 pare
581 1687 730 1740 Sirmiensis
743 1687 846 1740 concilii
857 1687 919 1752 tuit,
936 1691 1030 1757 utputa
1040 1687 1113 1740 ouius
1126 1703 1204 1757 opera
1214 1703 1275 1740 con·

107 1772 289 1826 vicemomes
301 1777 439 1842 superatus
450 1769 583 1826 Photinus.
616 1771 684 1836 Quin
695 1776 726 1825 ut
736 1773 809 1826 omni
820 1787 853 1826 er
864 1777 938 1842 parte
949 1772 1044 1826 veritas
1057 1773 1197 1836 elooemat,
1212 1773 1275 1824 altn-

107 1873 167 1909 rum
185 1857 284 1927 accipe.
305 1857 444 1926 Aneyram
460 1857 590 1926 synodus,
608 1857 826 1927 quemadmodum
843 1857 969 1926 synodica
983 1857 1053 1910 illinus
1070 1858 1180 1927 epistola
1191 1857 1275 1922 docet,

107 1947 170 1996 ante
181 1940 281 2012 paseha
289 1942 419 1996 celebrata
430 1947 479 2007 est,
497 1945 538 2008 τῆς
551 1941 621 2012 ἁγίας
632 1941 723 2012 ἡμέρας
736 1946 780 1994 τοῦ
792 1940 879 2013 πάσχα
890 1939 1051 2012 interipsum,
1069 1942 1102 1994 ad
1119 1958 1198 2012 quam
1215 1959 1273 2012 pro·

106 2033 200 2096 pterea
210 2028 326 2098 episcopi
336 2027 468 2097 plerique,
486 2029 531 2098 qui
548 2029 683 2082 convocati
698 2027 813 2092 inerant,
831 2027 922 2082 messe
934 2028 967 2082 ob
979 2026 1071 2082 hiemis
1082 2028 1274 2082 inclementiam

106 2113 218 2166 minime
229 2117 376 2182 potueruut
394 2112 462 2177 Quid
472 2113 553 2182 igitur
564 2113 630 2182 fingi
641 2118 727 2184 potest
738 2113 875 2168 absurdius
884 2130 963 2184 quam
975 2113 1044 2183 quod
1056 2130 1089 2166 ex
1099 2113 1204 2166 illorum
1215 2129 1274 2166 nar·

106 2199 209 2252 ratium
218 2198 343 2268 seqnitur,
352 2200 517 2267 Διιογιιιιτιιι
526 2199 655 2268 synodum
665 2203 725 2252 ante
733 2197 902 2254 sirmiensem
911 2215 969 2252 esse
979 2199 1154 2252 celebratam?
1171 2197 1275 2254 Etenim
1300 2211 1375 2264 nara,

107 2284 131 2338 si
142 2299 217 2338 auno
228 2297 333 2340 nocuus.
346 2283 481 2338 Eudoxiur
493 2283 682 2340 Antiochenam
692 2284 782 2338 sedem
792 2289 885 2338 nactus
898 2291 949 2350 est,
963 2285 1131 2352 Ancyranum
1141 2299 1202 2338 vero
1214 2301 1275 2340 cou-

107 2369 200 2422 cilium
210 2385 279 2424 suno
290 2370 422 2439 sequenti,
437 2375 467 2424 ut
478 2369 570 2424 eodem
581 2385 650 2424 anno
662 2369 803 2424 sirmiense
815 2371 954 2424 concilium
965 2370 1092 2424 indictum
1102 2370 1192 2435 tuerit,
1210 2387 1275 2424 uon·

107 2455 158 2508 uisi
177 2459 240 2525 post
253 2453 367 2510 hiemem
383 2463 409 2508 et
423 2453 533 2525 pascha,
550 2454 667 2524 adeoqm
684 2461 745 2525 post
755 2455 923 2525 Aneyranum
941 2457 1065 2510 celebrari
1082 2456 1174 2526 potuit.
1196 2456 1276 2525 Atqui

108 2541 161 2596 ism
173 2545 309 2610 peractum
322 2557 379 2595 esse
392 2541 517 2612 oportuit;
528 2541 552 2594 si
563 2541 669 2612 quidem
680 2540 749 2594 edita
760 2541 794 2594 ab
806 2541 868 2596 Osio
880 2541 1029 2596 bituriensis
1045 2541 1147 2594 concilii
1162 2540 1276 2594 formula

108 2627 160 2680 um
170 2631 306 2682 emanarat
316 2627 343 2680 io
353 2627 496 2697 publicum.
522 2625 606 2691 Quare
615 2631 642 2680 et
650 2626 757 2682 absente
766 2625 864 2682 Basilio
871 2643 904 2680 ao
911 2627 1019 2696 reliquis
1028 2626 1157 2696 episcopis
1169 2625 1274 2680 damna

109 2715 151 2764 tus
159 2710 288 2766 Photinus
297 2727 327 2766 sc
337 2711 482 2766 Sirmieusa
492 2712 631 2766 concilium
643 2711 792 2764 cbsolutum
804 2715 852 2776 est,
864 2717 890 2764 et
900 2717 1005 2782 propter
1016 2712 1081 2764 alias
1093 2725 1199 2763 caussas
1210 2727 1274 2764 nou-

109 2795 172 2850 dum
188 2795 308 2850 inchoari
324 2799 421 2868 potuit,
440 2797 563 2867 quoniam
575 2797 742 2866 Anomauum
754 2796 890 2850 Sirmiensi
907 2796 983 2850 debet
995 2813 1052 2850 essa
1062 2797 1199 2865 posterius.
1222 2796 1275 2866 Ap·

108 2887 183 2951 paret
194 2869 362 2945 autentum,
374 2897 434 2936 cum
446 2881 595 2936 Sirmiensis
606 2883 651 2935 illa
662 2881 788 2952 posterior
800 2887 840 2934 cst
851 2881 946 2934 embsa
957 2881 1081 2945 formula,
1092 2871 1178 2950 deque
1188 2881 1273 2934 Eudo·

108 2967 197 3033 aium,
215 2983 301 3038 neque
315 2967 443 3022 Basiliam
461 2973 507 3020 sut
519 2966 662 3036 Georgium
672 2965 754 3020 truse
765 2965 865 3031 summ
883 2965 1092 3036 qnandoquidem
1103 2965 1236 3020 Eudoxias
1248 2971 1275 3020 et

109 3053 153 3108 atii
165 3054 201 3108 ob
214 3059 348 3123 acceptam
359 3053 432 3106 illam
444 3051 591 3122 Sirmioque
602 3052 723 3117 missam,
735 3057 762 3105 et
773 3053 862 3106 aeolis
872 3052 991 3106 uidelicet
1003 3051 1224 3118 Occidentalibus,
1235 3051 1274 3106 id·

109 3153 193 3209 eoque
202 3138 295 3194 batim
304 3144 464 3209 conceptam,
475 3137 574 3207 gratim
583 3142 694 3207 egerunt
702 3153 748 3206 per
756 3137 856 3191 literas:
872 3137 1005 3208 Πρόφασιν,
1017 3138 1110 3208 inquit,
1122 3137 1273 3208 ποιούμενος,

109 3221 143 3286 ὡς
155 3223 198 3276 asi
209 3223 233 3276 oi
244 3221 290 3276 deis
302 3224 368 3278 idern
380 3222 509 3276 ἐπίσκοποι
520 3226 598 3276 ταῦτα
609 3219 771 3292 ἰψηφίσαντοι
788 3223 846 3276 Hoc
862 3227 944 3294 speum
957 3226 993 3276 cd
1003 3227 1142 3294 impietatis
1152 3239 1215 3276 auae
1221 3241 1273 3292 po·

108 3313 244 3362 &omnim
256 3311 384 3378 eldoynus,
396 3311 462 3378 qood
472 3309 659 3378 eundemfidem
673 3307 849 3362 Occidentuies
854 3313 967 3378 professi
967 3313 1086 3376 fuissent.
1110 3309 1188 3362 Moza
1204 3305 1273 3360 ’Estt-

108 3392 203 3462 στολὴν
214 3393 276 3464 τρὶς
288 3392 376 3456 αὐτοὺς
389 3393 561 3464 istumistun,
574 3390 693 3448 Οὐάλεντι
708 3393 749 3444 καὶ
761 3392 894 3463 obsessis
906 3393 947 3446 soi
958 3393 1084 3463 Γερμανίῳ
1096 3391 1167 3464 χάριν
1181 3390 1273 3463 ὁμολο-

106 3485 224 3550 γοῦντες,
242 3480 343 3532 καὶτοῦ
361 3475 440 3550 ὀρθῶς
458 3475 565 3540 δοξάζειν
583 3477 639 3540 τοὺς
656 3476 681 3530 ἐν
699 3483 729 3550 τῇ
747 3479 813 3532 δύσει
829 3477 871 3540 τὰς
890 3476 1002 3547 ἀφορμὰς
1019 3477 1101 3538 αὐτοῖς
1119 3475 1273 3538 ἀνατιθέντες.

105 3566 180 3619 llaec
197 3565 301 3630 omnis,
317 3565 386 3635 quod
403 3571 429 3620 et
446 3565 479 3618 sb
497 3563 629 3618 occidente
643 3569 670 3616 et
680 3564 713 3618 ab
726 3564 926 3618 occidentalibus
938 3563 1066 3634 episcopis
1079 3563 1153 3628 Oete,
1165 3563 1273 3618 Valente

105 3657 189 3722 atque
201 3649 310 3704 Ursaeio
320 3651 403 3704 musa
420 3653 447 3702 et
456 3649 484 3702 in
497 3648 701 3704 Occidentalium
713 3649 824 3720 ςιιιὶιιιι
836 3650 982 3720 conscripta
992 3649 1053 3702 fidei
1064 3649 1192 3719 expositio
1204 3648 1272 3701 dica·

104 3743 160 3802 tur,
176 3736 243 3790 satis
257 3735 374 3790 iudicant
383 3735 434 3788 silo
446 3750 525 3804 quam
536 3733 686 3788 sirmiensis
698 3735 792 3804 synodi
802 3740 918 3805 tempore
929 3735 1011 3788 fuisse
1023 3739 1179 3788 contextam.
1213 3732 1274 3786 Fuit

104 3823 181 3876 euim
193 3813 345 3876 nouaclum
357 3820 486 3891 generalis
498 3820 550 3874 ista
561 3819 689 3889 synodus,
705 3821 751 3874 sed
762 3820 797 3874 ab
809 3819 982 3874 Orientalibus
991 3819 1141 3890 praesertim
1156 3817 1272 3872 Graecis·

103 3924 161 3979 que
173 3907 317 3971 celebrats3
334 3923 350 3959 s
367 3905 461 3976 quibus
477 3921 541 3975 prae
557 3907 678 3970 cacteris,
696 3909 725 3958 ut
740 3905 837 3958 dictum
853 3913 904 3968 eet,
921 3903 1025 3958 Plotini
1036 3921 1106 3958 error
1117 3902 1271 3973 disputando

102 3993 245 4048 convictus
257 3997 304 4046 est
327 3992 365 4044 Ao
381 3991 405 4044 ei
419 3991 486 4044 inter
498 3997 558 4044 scta
568 3990 719 4044 Sirmiensis
731 3989 840 4044 Consilii
854 3990 968 4044 secunda
978 3991 1023 4044 illa
1034 3989 1146 4044 formula
1156 4003 1272 4042 censere·

101 4087 161 4144 tur,
177 4093 314 4148 uunquam
325 4076 481 4130 Semiariani
496 4081 542 4128 aut
554 4075 618 4128 illud
634 4075 798 4139 laudassent,
815 4081 862 4128 aut
877 4080 962 4128 ratum
979 4074 1069 4128 haberi
1084 4074 1141 4127 siue
1157 4073 1211 4126 ulla
1227 4089 1272 4126 ex·

100 4164 231 4234 ceptione
240 4162 432 4233 postulassent,
448 4160 494 4214 sed
506 4161 661 4214 nominatim
671 4159 813 4230 repudiatis
824 4160 1008 4230 posterioribus
1024 4159 1056 4212 de
1071 4158 1200 4229 prioribus
1215 4158 1271 4212 eine

99 4250 178 4304 actis
193 4249 331 4302 samsone
354 4247 452 4300 Verum
468 4246 530 4316 quid
541 4244 584 4300 bic
594 4247 813 4316 tergiversamur?
837 4245 882 4299 Est
893 4247 962 4300 enim
974 4245 1078 4298 evidens
1090 4248 1116 4297 et
1126 4259 1190 4297 saue
1200 4243 1271 4298 lucu·

98 4337 213 4391 lentum
221 4333 312 4386 Hilarii
320 4349 352 4385 ea
360 4331 391 4384 de
401 4331 627 4396 retestirnoninm,
640 4331 684 4400 qui
696 4331 723 4384 in
732 4331 797 4384 libro
808 4331 839 4384 de
848 4329 960 4401 synodis
969 4331 1156 4384 dubitationem
1168 4346 1272 4384 omnam

98 4419 211 4478 eximit
245 4417 355 4488 Scripsit
369 4416 439 4471 hunc
456 4417 551 4470 librum
568 4416 601 4468 ad
617 4416 752 4486 episcopos
766 4415 914 4470 Gallicanos
926 4415 1038 4470 Hilarius
1053 4415 1132 4485 paulo
1144 4419 1203 4468 ante
1215 4415 1271 4468 Ari-

98 4508 260 4562 minensem
271 4503 413 4573 synodum,
425 4517 484 4556 cum
496 4501 593 4556 abillis
604 4501 782 4570 interpellatus
795 4507 872 4567 esset,
883 4509 913 4554 ut
923 4501 955 4554 de
966 4501 1029 4554 actis
1040 4500 1173 4569 Assyrani
1183 4501 1271 4556 Orien·

97 4591 207 4652 mltum
222 4603 361 4646 conseeaus
376 4587 460 4659 deque
471 4587 616 4644 Sinnianae
631 4586 809 4659 blasphemiae
820 4585 985 4655 dumncdooc
1000 4586 1176 4657 perscriberet.
1211 4585 1272 4652 Qui·
