3126 5046
289 315 431 376 coenan

288 475 320 528 de
331 475 402 528 omni
414 475 493 528 etiam
504 472 658 544 antiquitate
669 481 695 528 et
702 471 812 527 historia
819 475 886 528 hene
898 473 1013 528 merendi
1024 455 1204 544 opportunitas
1212 469 1262 526 hoc
1273 472 1302 526 in
1311 472 1370 526 loco
1380 485 1450 544 pras·

267 561 370 624 *botua
381 560 427 614 ubi
439 559 470 613 de
480 559 617 628 Ancyrana
628 575 658 612 ac
668 559 803 612 Sirmiensi
811 558 1028 630 pseudosynodis,
1041 558 1151 628 aliisque
1160 558 1384 612 Semiarianorum
1392 575 1451 612 con·

287 647 422 700 canticulis
432 645 528 715 agitur.
552 644 667 708 Quorum
685 651 744 698 acta
759 651 785 698 et
795 651 914 716 tempora
925 645 962 696 sic
975 643 1044 715 apud
1056 649 1155 698 ueteres
1167 643 1273 715 perinde
1285 659 1316 697 ac
1327 644 1451 696 recentio-

287 745 328 784 res
345 730 457 784 contusa
471 730 671 802 perturbataque
687 736 760 794 sunt,
776 731 849 784 nulla
865 736 894 784 ut
909 730 1033 784 historiae
1048 747 1107 800 pars
1124 727 1250 800 impedita
1264 729 1351 799 magis
1362 743 1393 782 ac
1405 729 1451 782 dii·

286 815 363 870 ficllis
374 821 505 886 appareat
539 814 630 868 Dicam
647 831 700 868 non
717 816 856 868 iactantiae
873 831 980 882 caussa,
998 815 1043 870 ssd
1061 821 1091 868 ut
1106 815 1200 868 eruditi
1218 813 1321 868 lectoris
1337 813 1451 868 studium

287 902 413 966 excitem,
428 901 548 954 fortassis
565 901 701 966 audacius,
719 901 752 954 ab
763 899 824 954 hino
835 901 905 956 mille
918 917 948 954 ac
961 901 1079 955 docentis
1090 899 1278 972 propemodum
1290 901 1368 952 annis
1378 899 1452 970 liqui·
1536 949 1541 964 ,

287 985 347 1039 dam
359 1001 389 1039 ac
400 987 529 1041 sinceram
536 987 643 1040 illorum
656 987 785 1040 rationem
796 987 943 1056 ignoratam
954 987 1059 1040 iuieese.
1093 985 1166 1050 Quod
1184 987 1235 1039 nisi
1247 985 1401 1040 certissimis
1413 1000 1452 1037 ar·

286 1072 419 1142 gumernis
429 1071 582 1141 indiciisque
593 1077 784 1137 monstravero,
801 1071 865 1126 nihil
877 1087 927 1143 ego
939 1071 1104 1142 deprecabor,
1117 1073 1180 1142 quin
1190 1072 1218 1124 id
1228 1071 1372 1124 saumsims
1384 1085 1400 1122 a
1410 1085 1451 1123 me

286 1155 383 1210 dictum
395 1173 486 1210 omnes
498 1158 663 1210 arbitrentur.
679 1157 826 1227 Proponam
836 1159 917 1228 igitur
927 1158 1057 1228 imprimis
1066 1157 1283 1227 quemadmodum
1293 1157 1326 1210 ab
1338 1157 1452 1226 antiquis

286 1239 414 1296 historicis
426 1257 458 1294 ea
468 1242 620 1308 referantur,
632 1249 689 1294 tum
702 1241 763 1312 quid
775 1258 792 1296 a
802 1244 990 1298 recentioribus
1001 1243 1142 1297 memoriae
1154 1241 1285 1314 proditum
1298 1241 1346 1306 eit,
1357 1247 1388 1294 ut
1398 1257 1452 1294 am·

286 1327 379 1382 borum
390 1327 504 1380 falsitate
515 1327 634 1381 convicta
645 1328 740 1381 veritas
751 1328 809 1398 ipsa
821 1329 900 1383 aeitu
912 1335 939 1383 et
950 1329 1109 1383 obscuritate
1120 1327 1272 1382 vindicetur.

286 1549 330 1604 Dii
352 1549 524 1605 SIRMIENSI
545 1549 588 1604 ET
605 1549 789 1604 ANGYRANA
810 1549 1079 1606 PSEUDOSYNODO
1100 1549 1256 1615 ALllSQUE
1277 1549 1452 1604 SlildlAlllA·

285 1635 408 1692 NORUM
423 1636 534 1701 seule,
556 1635 733 1703 sooasuls,
755 1636 929 1692 sozontem
950 1635 1247 1700 GAETERORUMQUE
1270 1635 1453 1690 NARRATIO.

354 1755 404 1810 Ubi
415 1773 444 1810 ae
454 1757 550 1812 Ariana
560 1757 669 1827 perfidia
679 1757 706 1810 in
718 1758 808 1811 orbem
818 1755 993 1812 Christianum
1004 1755 1102 1821 effudit,
1114 1757 1197 1810 scissa
1208 1755 1344 1810 ostracias
1355 1756 1384 1810 in
1394 1771 1453 1826 par·

285 1847 338 1908 tes,
356 1859 386 1896 ac
402 1843 585 1912 multiplicium
602 1848 732 1896 sectarum
749 1847 776 1896 et
786 1842 930 1896 lactionum
942 1847 1004 1895 eunt
1014 1847 1078 1894 nata
1090 1841 1206 1896 divortia.
1241 1840 1275 1894 Ut
1292 1839 1324 1894 de
1341 1841 1452 1895 caeteris

284 1927 362 1982 modo
371 1933 479 1992 taceam,
490 1928 602 1998 insignis
611 1928 776 1998 potissimum
784 1927 835 1981 fuit
842 1926 945 1980 Photini
953 1927 1103 1980 Sirmieneis
1114 1927 1242 1997 impietas,
1255 1927 1300 1996 qui
1309 1925 1417 1980 Sabellii
1427 1932 1453 1979 et

200 2053 206 2066 .
254 2051 260 2064 .
285 2012 1225 2082 Samosatenidogmataiamolimdamnatalongointervallorenovarit
1242 2010 1451 2066 Guinahasresiu

286 2098 376 2152 ordine
385 2115 428 2150 nr.
440 2099 529 2168 posuit
540 2113 571 2150 ac
581 2099 704 2152 resumsit
712 2097 879 2169 Epiphanius.
898 2099 972 2151 llunc
984 2102 1014 2151 ut
1025 2098 1200 2168 opprimerent
1209 2098 1298 2150 Ariani
1309 2111 1342 2150 ac
1352 2104 1452 2150 mutam

285 2199 301 2238 a
312 2199 341 2236 ee
351 2183 475 2236 invidiam
486 2183 708 2253 ignominiamque
720 2183 890 2254 depellerent,
907 2183 997 2253 ntique
1008 2199 1037 2236 se
1048 2181 1155 2236 tandem
1169 2181 1310 2236 catholicos
1322 2199 1382 2236 ease
1393 2199 1452 2253 pro·

284 2267 427 2334 aaronem,
439 2267 585 2322 Constantii
595 2269 686 2339 imper.
697 2267 771 2322 iussu
783 2267 920 2334 Sirmium,
932 2283 999 2338 quac
1011 2267 1073 2322 urba
1085 2273 1127 2321 est
1137 2267 1299 2332 Pannoniae,
1312 2268 1451 2321 orientales

171 2350 177 2361 “
284 2359 459 2408 convocantur
478 2355 607 2425 episcopi,
628 2353 846 2424 quemadmodum
866 2353 988 2408 Socrates
1007 2354 1053 2409 lib.
1067 2371 1094 2408 ιι.
1112 2369 1167 2424 cap.
1186 2371 1269 2418 sam,
1288 2352 1452 2407 Soaomcnus

284 2439 329 2493 lib.
338 2457 374 2494 rr.
385 2455 442 2510 cap.
451 2457 476 2493 r.
491 2439 588 2510 aliique
604 2446 719 2494 sarram.
755 2439 830 2504 Quod
846 2439 925 2493 iidem
942 2439 1084 2510 contigisse
1101 2440 1191 2492 colunt
1207 2441 1452 2508 postconsulatum

285 2523 371 2595 Sergii
382 2531 409 2578 ct
419 2523 551 2595 Nigriani,
569 2525 614 2594 qui
630 2531 672 2578 est
683 2541 767 2579 annus
779 2523 874 2579 Christi
886 2539 975 2580 occur.
998 2523 1102 2578 Aliusne
1113 2523 1214 2594 synodo
1225 2524 1356 2594 imprimis
1368 2525 1452 2579 oden·

284 2611 350 2664 tales
365 2610 481 2680 episcopi
492 2611 598 2664 ldarcus
610 2607 775 2676 Arethusiua,
792 2610 922 2681 Georgius
934 2609 1118 2676 Alexandriae,
1135 2609 1249 2663 basilius
1262 2610 1383 2680 Ancyrae
1398 2610 1451 2680 epi·

284 2697 370 2766 scopi,
382 2695 533 2750 Pancratice
545 2696 652 2760 Pelusii,
664 2696 827 2767 Hypatisnue
838 2689 986 2750 Heracleae.
1017 2695 1058 2749 Ex
1070 2695 1273 2749 occidentalibus
1284 2711 1348 2750 raro
1361 2695 1452 2749 eadem

282 2781 386 2834 intectis
397 2781 456 2834 labe
464 2782 561 2835 Valens
573 2783 722 2836 Marsorum
734 2782 879 2852 episcopus,
891 2799 939 2836 uec
950 2794 1005 2836 non
1017 2787 1043 2834 et
1052 2780 1129 2834 Ocius
1138 2779 1313 2834 Cordubensis
1325 2779 1452 2835 smlseiae

284 2865 425 2922 catholicae
436 2883 483 2937 per
494 2867 539 2920 illa
551 2871 669 2938 tempora
680 2868 814 2932 columen,
827 2867 873 2937 qui
884 2883 915 2920 eo
927 2867 988 2920 licet
997 2867 1094 2920 invitus
1106 2866 1223 2920 accessit
1240 2865 1270 2918 ln
1279 2863 1330 2919 hoc
1338 2865 1450 2919 concilio

284 2951 456 3006 condemnato
467 2951 577 3006 Photino
588 2953 683 3023 triplex
696 2953 765 3006 edita
775 2959 815 3006 est
831 2953 864 3006 ab
877 2952 979 3005 Arianis
996 2951 1058 3005 fidel
1072 2951 1196 3004 formula:
1214 2952 1300 3022 prima
1317 2949 1418 3006 Graece
1434 2967 1452 3003 a

284 3037 372 3090 Marco
389 3035 526 3091 Arethusio
544 3043 682 3108 concepta,
700 3053 779 3108 quam
798 3037 918 3091 Socrates
936 3053 992 3108 cap.
1005 3055 1074 3103 xxv,
1092 3044 1118 3090 et
1134 3043 1196 3090 ants
1213 3053 1272 3090 eum
1289 3035 1450 3090 Athanasius

283 3123 350 3176 libro
362 3122 393 3174 de
405 3121 518 3191 Synodis
532 3121 630 3176 Graece
646 3123 773 3188 referunt,
789 3121 881 3176 Latina
893 3137 955 3176 vero
970 3122 1084 3176 llilarius
1098 3123 1164 3176 libro
1176 3122 1207 3175 de
1219 3121 1342 3191 Synodie.
1376 3121 1451 3176 Duas

284 3207 350 3260 aliae
362 3207 470 3261 haduae
482 3216 556 3272 sunt,
574 3223 683 3277 quaram
700 3209 786 3278 prima
799 3223 816 3260 a
827 3207 934 3261 Socrate
946 3213 973 3264 ot
984 3207 1126 3262 Athanasio
1137 3207 1231 3261 iisdem
1242 3205 1308 3262 locis
1319 3205 1451 3278 descripta

283 3293 437 3358 continetur,
448 3299 617 3363 postremam,
631 3309 698 3364 quae
709 3294 736 3347 in
746 3293 902 3346 Ariminensi
910 3291 1011 3362 syuodo
1023 3293 1168 3346 avalenter
1177 3293 1272 3346 scitata
1279 3292 1450 3364 postmodum

283 3385 324 3432 est
340 3383 367 3431 et
381 3377 543 3432 acatholicis
556 3379 661 3444 relecta,
677 3375 757 3432 habet
768 3378 887 3432 Socrates
900 3393 956 3448 cap.
966 3395 1048 3444 xxrx,
1063 3378 1183 3432 meminit
1193 3383 1220 3431 et
1231 3377 1391 3432 Athanasius
1402 3377 1448 3432 lib.

283 3464 315 3517 de
326 3461 448 3533 Synodis.
479 3463 552 3517 Duae
563 3464 651 3533 itaque
662 3470 718 3517 tom
729 3464 857 3518 formulae
868 3463 958 3518 Sirmii
968 3463 1148 3534 promulgatae
1159 3468 1230 3518 sont.
1265 3461 1333 3516 Nam
1345 3463 1449 3516 tertiam

282 3549 393 3604 An‘mlni
403 3555 495 3620 postea
506 3549 679 3620 publicarunt.
713 3549 742 3602 ln
759 3549 850 3602 eadem
864 3549 964 3618 synodo
976 3549 1090 3602 Basilius
1101 3549 1255 3618 Ancyranm
1267 3564 1326 3602 com
1338 3548 1449 3602 Photino

283 3651 371 3689 coram
382 3635 536 3705 imperatore
548 3650 703 3704 congressus
717 3641 771 3700 est,
789 3635 862 3688 cuius
879 3635 1061 3706 dieputationis
1077 3634 1236 3688 mentionem
1253 3633 1281 3686 in
1292 3632 1451 3688 Photiniasa

282 3721 382 3774 haeresi
392 3720 457 3774 lacit
466 3717 634 3790 Epiphanius.
652 3720 747 3773 Hosius
759 3737 820 3774 vero
832 3719 877 3773 diu
889 3736 949 3773 cum
961 3719 1116 3773 Asianorum
1127 3717 1237 3790 perfidia
1248 3723 1274 3772 st
1284 3718 1449 3790 imperatoris

283 3805 433 3860 crudelitate
449 3807 563 3859 luctatus
581 3821 611 3858 ac
628 3805 764 3859 dirissimis
775 3805 912 3859 tormentis
924 3804 1137 3869 excarnificatus,
1152 3811 1284 3876 postremo
1301 3803 1387 3858 sidem
1400 3805 1450 3857 im-

282 3892 373 3962 pietati
383 3891 544 3961 subscripsit
576 3890 725 3944 Secnndum
736 3889 801 3944 haec
813 3890 981 3944 Constantius
994 3892 1079 3944 occim
1091 3890 1257 3960 Magnentio,
1269 3889 1344 3943 cuius
1356 3889 1449 3944 caedes

283 3976 434 4032 (lomtantio
443 3995 478 4031 vr.
490 3983 517 4030 et
529 3975 604 4030 Gallo
616 3995 645 4032 ιι.
658 3991 735 4042 coss,
747 3977 791 4046 qui
804 3983 843 4029 est
855 3991 939 4030 annuc
952 3991 1070 4041 occorrr,
1082 3975 1189 4040 accidit,
1201 3989 1231 4028 ao
1241 3973 1350 4044 reliquis
1361 3981 1449 4045 tyran-

282 4062 323 4114 nis
333 4063 482 4116 felicissime
493 4061 647 4132 compressis
658 4067 704 4115 ant
715 4061 849 4126 extinctis,
867 4060 942 4116 Gallo
959 4061 1067 4131 insuper
1077 4065 1182 4126 necato,
1201 4059 1355 4114 Constantio
1364 4077 1409 4114 ιιι.
1421 4065 1450 4113 st

284 4145 357 4201 Gallo
369 4165 409 4202 nr.
426 4163 493 4202 cose.
511 4162 579 4201 auno
592 4161 707 4212 cccsrv,
725 4146 831 4200 demum
842 4147 982 4201 Arbetione
1000 4153 1026 4199 et
1039 4146 1158 4200 Lolliano
1175 4161 1242 4200 cose.
1261 4161 1332 4200 anno
1350 4159 1446 4200 occur.

281 4230 391 4286 Romam
403 4239 433 4287 ut
442 4231 613 4303 triumpharet
623 4231 754 4302 profectus
765 4231 906 4286 Mediolani
914 4231 1045 4301 synodum
1053 4232 1126 4302 cogit
1134 4228 1446 4285 adversusAthauasium.

283 4316 406 4370 Ouiscnm
418 4319 541 4371 acerrime
557 4318 749 4388 refragarentur
763 4315 884 4370 catholici
898 4317 1027 4387 episcopi,
1042 4317 1195 4388 praesertim
1206 4315 1335 4369 Eusebius
1344 4315 1448 4372 Vercel-

281 4401 369 4465 lsnsls,
381 4402 520 4471 Dionysius
531 4401 743 4468 Mediolanensis,
754 4401 878 4456 Paulinus
889 4403 1063 4466 lectorensis,
1079 4401 1182 4456 Lucitas
1193 4401 1366 4468 Galaritanus,
1382 4417 1448 4456 exo·

280 4487 336 4539 lare
346 4487 412 4539 iussi
423 4495 491 4540 sunt
522 4487 620 4541 liodam
632 4503 700 4542 anno
713 4493 740 4541 et
750 4487 868 4541 Liberius
880 4487 1014 4541 Romnum
1025 4485 1160 4552 Pontifex,
1178 4488 1224 4558 qui
1234 4485 1301 4541 Iulio
1313 4499 1447 4542 successe·

282 4575 333 4634 rat,
350 4569 420 4640 quod
431 4569 601 4626 Athanasium
613 4573 785 4626 condemnare
796 4573 888 4637 nollet,
905 4573 1037 4642 relegatus
1048 4577 1099 4637 est,
1116 4580 1146 4626 ut
1161 4573 1240 4628 iidem
1255 4569 1372 4628 historici
1383 4587 1444 4627 cum
