3138 5044
301 239 439 296 CXXXVI
449 191 451 196 Ι

299 395 398 468 passim
410 395 606 454 dimittebantur
618 399 663 472 qni
673 398 790 456 futuram
800 401 966 456 neomeniam
977 407 1004 458 et
1020 407 1130 494 remp
1141 403 1333 460 annuncia
1355 403 1462 470 Quodsi

300 500 362 538 xxx.
374 481 415 536 die
426 485 500 538 ιιιιιι
511 485 599 540 nuhus
611 501 642 540 ae
650 487 797 557 speculator
806 486 935 554 affuisset,
946 489 1078 544 lucaeimo
1089 491 1173 559 primo
1183 492 1350 546 neomeniam
1357 491 1461 546 dednie-

299 569 370 621 bant
404 568 444 623 Ita
459 570 541 624 fiebat
557 577 587 626 ut
600 573 738 642 plenorum
748 587 925 644 natorumque
934 575 1065 628 meuunm
1076 577 1208 630 successio
1220 593 1388 647 nequaquam
1402 594 1460 632 ceu·

299 659 391 721 staret,
403 656 450 710 sed
461 661 490 710 ut
501 657 590 710 eirilm
601 674 704 712 menses
717 658 750 712 ad
760 658 853 712 sideris
864 663 1000 729 aspectum
1008 659 1190 730 dirigerentur,
1200 668 1364 733 atrapens.
1375 663 1463 733 glossa

300 741 382 796 docet.
406 742 506 797 Deinde
518 744 563 813 qui
573 745 665 814 procul
676 745 709 798 ab
722 761 752 798 eo
764 745 811 798 ubi
822 761 969 811 consessus,
980 746 1035 800 eive
1047 749 1095 838 pin
1113 751 1174 808 nt:
1184 754 1249 812 arat,
1260 747 1424 814 habitabant,
1435 754 1463 802 ut

299 844 330 882 eo
342 828 436 899 legati,
454 845 518 899 qnos
534 799 657 917 ponthus
669 830 817 896 nominent,
834 837 889 884 tam
900 830 950 884 cito
963 832 1078 902 aspirare
1089 849 1143 888 non
1154 839 1274 904 possent,
1292 833 1372 888 biduo
1383 824 1462 888 farus

299 915 449 968 neomeniae
466 915 589 984 egebant,
609 915 678 985 quod
694 916 786 969 incerti
802 905 889 970 obeant
905 917 1025 986 quisnam
1036 917 1091 971 dies
1103 935 1120 972 a
1130 919 1240 974 coneilio
1252 919 1376 974 definitus
1388 925 1462 974 ιιιιι

298 1000 384 1070 Atque
392 999 442 1054 hoe
449 999 577 1071 hodieque
585 1001 674 1056 Iudaei
682 1001 719 1054 illi
727 1001 841 1068 iaciunt,
852 1003 897 1072 qui
909 1007 984 1056 extra
995 1001 1105 1058 iudaeae
1113 1004 1181 1060 tinea
1192 1002 1216 1058 ie
1226 1006 1350 1076 διασπορᾷ
1358 1005 1462 1076 degunt

298 1085 337 1138 De
349 1103 400 1156 quo
413 1086 471 1140 vide
483 1103 539 1156 cap.
549 1105 573 1142 v.
585 1092 658 1161 tract
669 1086 809 1142 Kidduach.

366 1172 422 1224 Iam
438 1173 648 1226 intercalationes
665 1174 796 1228 mensium
807 1191 861 1228 nou
872 1178 944 1228 emta
955 1174 1128 1246 decriptione
1139 1177 1304 1232 constabant.
1339 1176 1463 1242 Quamuis

299 1258 370 1312 euim
378 1259 454 1311 tertio
464 1275 568 1328 quoque
579 1275 662 1324 anuo,
673 1260 715 1312 rel
726 1259 857 1313 interdum
868 1260 995 1326 mundo,
1007 1277 1139 1326 mensem,
1151 1261 1238 1332 quoad
1248 1263 1356 1326 linotet,
1367 1263 1464 1316 meare

299 1349 370 1408 rent,
388 1349 476 1396 lemen
487 1360 613 1414 persaepe
625 1345 699 1398 aliter
710 1344 803 1410 fiebat,
821 1349 848 1398 et
863 1361 1053 1416 nonnunqum
1069 1347 1236 1402 intercalares
1253 1349 1316 1402 enni
1334 1348 1387 1402 duo
1404 1363 1464 1402 oon·

299 1429 477 1484 tinuabantur.
509 1429 542 1482 Ει
553 1429 658 1499 quidem
669 1431 798 1500 triplicem
809 1446 930 1486 tanmem
941 1432 1112 1486 intercalandi
1122 1449 1179 1503 cap.
1188 1451 1224 1488 xv.
1235 1433 1410 1488 Maimonidee
1421 1451 1464 1487 ex·

298 1515 380 1585 ponit
414 1514 502 1568 Prima
513 1521 553 1568 est
564 1515 700 1586 Tekupha‚
716 1517 771 1570 eive
782 1517 859 1570 cardo
871 1517 1029 1586 aequinoctii
1040 1518 1125 1583 verni,
1141 1519 1187 1588 qui
1197 1535 1258 1572 enm
1268 1519 1297 1572 in
1307 1537 1363 1575 xvr.
1374 1519 1465 1584 Nisau,

299 1605 346 1654 aut
359 1605 420 1671 post
435 1617 505 1666 earu,
524 1601 659 1666 incideret,
678 1607 734 1656 tum
745 1602 816 1665 adar
830 1603 997 1656 intercalatus
1014 1608 1061 1656 ast
1094 1603 1184 1656 Altera
1195 1620 1290 1660 mussa
1300 1609 1354 1670 est,
1365 1605 1390 1658 ei
1401 1621 1465 1659 uon-

299 1687 362 1740 dum
378 1686 447 1740 Abib
464 1692 609 1756 appeteret,
627 1686 676 1742 hoc
693 1692 734 1740 est
750 1687 861 1741 necdum
878 1687 968 1758 fruges
985 1705 1068 1743 novae
1085 1695 1202 1744 maturae
1220 1695 1320 1756 essent,
1341 1691 1465 1746 nimirum

299 1777 418 1836 ἾὯῚἋἾ
437 1776 533 1834 untia
550 1776 622 1864 iffi}
640 1743 774 1864 ffipflb
793 1776 925 1861 T'ff'li’lii,
945 1774 1055 1838 Ιιονᾱια,
1073 1793 1104 1828 ee
1119 1775 1207 1844 quihus
1221 1775 1303 1840 Omer,
1319 1781 1373 1829 eine
1385 1782 1465 1830 moni-

235 1916 241 1927 ,
294 1862 372 1933 pulos
383 1863 529 1929 offerretur,
542 1859 783 1928 quodsecundadie
801 1873 953 1929 azymorum
967 1857 1055 1913 fiebat
1078 1859 1167 1914 Tertia
1181 1877 1277 1914 caussa
1287 1867 1340 1927 est,
1353 1878 1415 1915 cum
1426 1877 1464 1915 ar·
1554 1863 1555 1876 *

299 1950 392 2002 borum
403 1947 502 2000 fructus
514 1946 631 2000 noudum
642 1945 837 2000 maturuisaent.
860 1945 933 1999 Aliae
944 1945 1052 2016 insuper
1063 1947 1294 2000 commistione
1306 1948 1465 2002 accedebant

299 2039 326 2088 et
336 2035 458 2088 fortuitae
470 2049 536 2102 quae
548 2049 605 2103 cap.
614 2051 649 2086 ιν.
661 2031 808 2085 traduntur:
825 2037 855 2084 ut
870 2033 893 2085 si
903 2032 954 2086 riis
970 2032 1147 2102 pontibusque
1160 2032 1250 2086 fractis
1262 2033 1420 2088 interclusus
1432 2035 1465 2086 ad

298 2119 396 2174 Urbem
408 2125 478 2172 esset
489 2119 588 2182 aditus,
600 2119 624 2172 si
634 2117 704 2170 turni
715 2117 831 2172 nondum
842 2118 946 2182 reiecti,
958 2119 981 2172 si
992 2119 1098 2188 lougius
1110 2118 1259 2189 deportatus
1272 2127 1343 2174 esset
1352 2120 1465 2190 populus
1554 2123 1555 2160 ἶ

300 2211 326 2258 at
337 2206 389 2258 elia
400 2205 427 2257 id
438 2220 529 2274 genua
552 2203 604 2257 Sed
616 2204 740 2274 primaria
749 2204 919 2260 intercalandi
930 2219 1025 2258 ceusu
1036 2203 1162 2274 Telephe
1171 2203 1233 2270 init,
1250 2209 1280 2257 nt
1295 2205 1366 2258 intra
1381 2211 1465 2260 ιιιιιι

300 2291 393 2344 solaris
405 2290 467 2344 anui
479 2289 603 2344 terminos
621 2290 684 2343 luna
699 2289 869 2354 cobrceretur,
885 2305 920 2344 ne
936 2290 1048 2346 nimium
1065 2296 1218 2359 evagaretur
1234 2305 1266 2344 ee
1280 2289 1411 2346 festorum
1426 2308 1465 2344 oe·

299 2377 432 2430 lebritetes
443 2376 471 2428 in
482 2376 546 2430 alias
558 2381 636 2445 atquo
647 2375 712 2428 alias
730 2380 897 2446 tempestates
913 2374 1077 2439 transferret,
1094 2375 1165 2444 quod
1180 2376 1208 2428 in
1219 2375 1331 2430 Arabico
1348 2393 1419 2432 auno
1436 2394 1467 2432 aa

299 2463 384 2516 lunari
396 2462 508 2532 simplici
519 2467 546 2516 ιι
556 2462 642 2516 soluto
654 2461 782 2516 usuvenit
800 2460 852 2514 Sed
862 2477 928 2531 quae
937 2466 994 2514 tum
1005 2461 1099 2514 soleris
1111 2477 1181 2514 anno
1190 2461 1328 2532 descriptio
1339 2462 1466 2516 alndaeis

300 2549 436 2603 observata
453 2548 499 2613 sit,
515 2553 607 2618 postea
624 2547 788 2602 disseremus.
819 2547 899 2600 Porro
911 2546 978 2600 hano
990 2547 1075 2616 ipsam
1086 2547 1149 2600 anni
1160 2547 1371 2614 iormamptante
1381 2547 1466 2602 adhue

299 2635 394 2706 templo
416 2634 528 2688 necdum
550 2635 672 2705 dispersis
694 2635 798 2704 penitus
819 2632 922 2686 Iudaeis
948 2637 1102 2702 usrnpatam
1119 2648 1177 2685 esee
1193 2634 1261 2686 iuter
1280 2631 1466 2688 'lhalmudiooe

299 2726 409 2776 constat
444 2720 507 2774 Post
522 2721 612 2791 templi
623 2721 772 2772 vastitatem
788 2712 993 2790 profligatosque
1009 2717 1183 2772 ePaleestine
1193 2717 1316 2784 ludaeos,
1333 2734 1396 2774 curn
1413 2721 1465 2774 mm

298 2808 371 2862 uuila
383 2805 494 2876 συνέδρια
506 2811 686 2877 superassent,
704 2806 786 2858 altere
801 2811 949 2875 temporum
961 2803 1162 2858 ordinandorum
1174 2808 1277 2857 servata
1287 2805 1353 2858 ratio
1365 2811 1420 2870 est,
1438 2813 1466 2860 ut

299 2912 334 2948 ex
350 2894 445 2964 scripto
463 2908 493 2946 ac
509 2893 654 2946 mediorum
671 2895 789 2944 motuum
805 2890 901 2944 tabulis
918 2893 1068 2944 constantes
1092 2894 1118 2942 et
1134 2895 1220 2942 certae
1237 2891 1392 2944 neomeniae
1408 2909 1466 2962 pro·

299 2983 463 3049 ponerentur,
476 2994 510 3030 ex
522 2978 587 3046 cycli
598 2977 841 3032 decemnovennalis
852 2974 987 3040 methodo,
1001 2963 1082 3045 quem
1099 2979 1206 3036 't'ttlm
1217 2980 1313 3028 vocant
1329 2981 1357 3028 et
1373 2983 1466 3042 'nm

299 3065 347 3118 Hic
359 3069 399 3116 est
410 3079 493 3116 mnus
505 3063 548 3115 ille
559 3062 713 3116 ludaeorum
725 3062 896 3126 novissimus,
909 3061 942 3114 ad
953 3061 1053 3114 medios
1062 3061 1139 3114 lunae
1148 3067 1236 3116 motus
1245 3061 1466 3128 accommodatos,

301 3150 332 3203 tle
344 3166 395 3219 quo
406 3149 495 3202 Moses
508 3163 564 3218 cap.
573 3165 608 3200 vr.
621 3153 647 3200 et
658 3147 837 3217 sequentibus,
854 3153 910 3200 tum
922 3152 1042 3200 accurate
1052 3146 1150 3200 Paulus
1161 3146 1375 3218 Forosemprom,
1390 3149 1465 3202 uun-

301 3239 385 3288 sterus
397 3239 425 3286 et
435 3233 552 3302 Scaliger
565 3233 660 3302 aliique
672 3233 843 3304 disputarunt.
880 3231 947 3286 Cum
962 3231 1011 3284 hoc
1027 3231 1131 3286 ludaico
1147 3248 1216 3286 anuo
1234 3233 1389 3288 coniunctae
1405 3239 1467 3288 sunt

300 3320 423 3374 feriarum
439 3319 684 3389 noviluniorumque
696 3319 880 3372 translationes
898 3327 924 3371 et
935 3323 1076 3372 sexcentae
1087 3317 1153 3370 aliae
1165 3333 1264 3388 nugae,
1275 3335 1395 3374 morosae
1406 3319 1466 3372 illae

301 3405 406 3476 quidem
418 3422 449 3458 ao
460 3405 611 3476 perplexae,
624 3405 670 3458 sed
679 3421 745 3474 quae
754 3403 818 3458 nihil
827 3404 1017 3458 adiushtuturn
1025 3404 1168 3474 pertiuent;
1179 3403 1262 3458 nisisi
1271 3403 1334 3474 qnid
1343 3403 1466 3458 dems-

300 3491 440 3544 lationibus
452 3489 621 3560 postmodum
633 3489 682 3543 erit
692 3489 832 3560 gendum.
863 3549 865 3552 ,

367 3575 423 3630 Ηιι
435 3581 496 3628 sunt
511 3577 574 3630 anni
589 3575 659 3646 apud
670 3574 854 3631 Thalmndicos
870 3576 1007 3646 scriptores
1023 3575 1123 3630 formae
1140 3573 1380 3646 descaphonesque
1391 3575 1466 3641 duaa,

300 3679 411 3734 quarum
422 3662 492 3732 prior
505 3660 600 3716 Christi
610 3661 769 3732 temporibus
782 3679 815 3714 ex
832 3662 938 3714 illorum
953 3661 1075 3731 opinione
1092 3661 1226 3730 congruit,
1242 3661 1373 3730 posterior
1388 3661 1467 3732 longe
1554 3711 1555 3724 ,

300 3754 392 3820 postea
403 3753 443 3802 est
456 3752 567 3818 recepta.
591 3745 717 3812 Quocirca
729 3763 782 3801 non
793 3746 955 3800 mediocriter
967 3746 1090 3800 aberrant
1100 3746 1146 3816 qui
1157 3762 1192 3800 ex
1202 3745 1342 3800 recentiori
1352 3743 1405 3800 heo
1415 3763 1467 3802 me·

300 3835 378 3890 thodo
390 3833 535 3903 mediisque
546 3833 624 3887 luuee
635 3834 750 3886 ructibus
762 3839 850 3886 vetera
861 3831 1017 3886 Indaeorum
1028 3831 1109 3897 festa,
1120 3831 1258 3901 praecipue
1270 3828 1419 3901 paschatis,
1430 3833 1467 3886 iu·
1554 3861 1555 3868 ι

301 3922 397 3992 degaro
414 3919 533 3984 studeut;
551 3919 620 3989 quod
631 3918 727 3972 Paulus
739 3917 934 3988 Forosempron.
947 3917 1025 3970 anxie
1038 3917 1155 3996 nimiset
1165 3916 1317 3987 scrupulose
1327 3915 1407 3982 iecit,
1424 3918 1467 3970 lib.

301 4007 449 4078 emporus
462 4023 490 4060 ιι.
525 4003 614 4075 Neque
631 4005 719 4058 minus
736 4008 822 4056 enaut
839 4004 884 4072 qni
894 4001 979 4058 Phase
989 4001 1124 4056 Iudaicum
1134 4002 1199 4054 luna
1208 4019 1263 4057 xrv.
1276 4001 1468 4056 exmediorum
1554 4001 1555 4012 ²

300 4097 420 4146 motuum
437 4091 563 4146 scematis
581 4090 726 4144 rationibus
744 4087 923 4157 edshiuguut,
946 4087 1157 4160 qnandoquidem
1180 4087 1258 4143 biduo
1276 4103 1467 4158 nonuunquam
1554 4107 1555 4110 ¹

301 4177 481 4246 postmodium
490 4176 699 4230 coniunch'ouem
710 4171 779 4244 φάσις
788 4173 940 4228 ecciderein
949 4175 1053 4244 politico
1063 4189 1131 4228 euno
1140 4174 1233 4243 potnit.
1251 4172 1290 4228 De
1302 4189 1355 4244 qno
1366 4179 1467 4244 postea

368 4261 443 4316 Nune
454 4263 523 4316 enim
535 4262 646 4314 aliorum
657 4265 718 4330 post
725 4259 857 4314 Hebraeos
866 4261 1006 4330 magistros
1016 4258 1187 4330 expendenda
1198 4259 1329 4312 sententie
1340 4265 1393 4326 est,
1405 4259 1466 4314 Soa·

300 4345 377 4416 ligari
388 4347 549 4418 cumprimis,
562 4347 606 4416 qni
618 4347 662 4399 lib.
674 4345 706 4398 de
717 4344 824 4398 Emend.
836 4343 925 4415 Temp.
936 4364 964 4400 ιι.
977 4351 1004 4399 ιι
1012 4345 1040 4398 iu
1047 4345 1118 4414 laag.
1128 4343 1190 4398 (len.
1201 4343 1307 4414 copiose
1319 4343 1351 4397 de
1362 4343 1467 4400 Iudaica

301 4438 356 4486 taur
368 4437 454 4486 vetere
471 4449 550 4501 quam
566 4432 664 4486 recenti
681 4431 743 4485 anni
759 4431 845 4484 forma
861 4430 1003 4501 disputarit
1020 4448 1053 4484 ex
1068 4429 1246 4486 Hebraeorum
1262 4431 1465 4484 commentariis.

199 4534 222 4575 n·
231 4520 275 4566 ¹⁵³·
301 4516 367 4584 Sed,
384 4521 414 4574 ut
429 4515 510 4582 nolet,
527 4517 656 4588 permulta
670 4534 704 4572 ax
718 4517 886 4587 ingeniosae
899 4515 1011 4570 conficta
1022 4531 1052 4569 ac
1063 4515 1131 4570 idea
1140 4515 1294 4586 permiscet,
1311 4531 1381 4586 quae
1397 4515 1466 4580 alibi,
