<?xml version="1.0" encoding="UTF-8"?>
<!DOCTYPE html PUBLIC "-//W3C//DTD XHTML 1.0 Transitional//EN"
    "http://www.w3.org/TR/xhtml1/DTD/xhtml1-transitional.dtd">
<html xmlns="http://www.w3.org/1999/xhtml" xml:lang="en" lang="en">
 <head>
  <title>
</title>
<meta http-equiv="Content-Type" content="text/html;charset=utf-8" />
  <meta name='ocr-system' content='tesseract 3.04.00' />
  <meta name='ocr-capabilities' content='ocr_page ocr_carea ocr_par ocr_line ocrx_word'/>
</head>
<body>
  <div class='ocr_page' id='page_1' title='image "./corporishaerese05oehlgoog_0024.png"; bbox 0 0 3166 5044; ppageno 0'>
   <div class='ocr_carea' id='block_1_1' title="bbox 1267 261 1309 318">
    <p class='ocr_par' dir='ltr' id='par_1_1' title="bbox 1267 261 1309 318">
     <span class='ocr_line' id='line_1_1' title="bbox 1267 261 1309 318; baseline 0 0"><span class='ocrx_word' id='word_1_1' title='bbox 1267 261 1309 318; x_wconf 82' lang='lat' dir='ltr'>XI</span> 
     </span>
    </p>
   </div>
   <div class='ocr_carea' id='block_1_2' title="bbox 43 415 1403 4598">
    <p class='ocr_par' dir='ltr' id='par_1_2' title="bbox 139 415 1403 1175">
     <span class='ocr_line' id='line_1_2' title="bbox 141 415 1308 489; baseline -0.002 -17"><span class='ocrx_word' id='word_1_2' title='bbox 141 417 206 489; x_wconf 85' lang='lat' dir='ltr'>Gyri</span> <span class='ocrx_word' id='word_1_3' title='bbox 218 433 249 472; x_wconf 85' lang='lat' dir='ltr'>ae</span> <span class='ocrx_word' id='word_1_4' title='bbox 259 417 397 472; x_wconf 73' lang='lat' dir='ltr'>Persarum</span> <span class='ocrx_word' id='word_1_5' title='bbox 411 417 518 472; x_wconf 89' lang='lat' dir='ltr'>initium</span> <span class='ocrx_word' id='word_1_6' title='bbox 533 417 608 489; x_wconf 87' lang='lat' dir='ltr'>ponit</span> <span class='ocrx_word' id='word_1_7' title='bbox 618 433 727 472; x_wconf 87' lang='lat' dir='ltr'>numero</span> <span class='ocrx_word' id='word_1_8' title='bbox 740 431 785 473; x_wconf 91' lang='lat' dir='ltr'>oro</span> <span class='ocrx_word' id='word_1_9' title='bbox 798 431 932 472; x_wconf 80' lang='lat' dir='ltr'>ccocnurr.</span> <span class='ocrx_word' id='word_1_10' title='bbox 955 417 1003 472; x_wconf 89' lang='lat' dir='ltr'>ilic</span> <span class='ocrx_word' id='word_1_11' title='bbox 1020 415 1137 486; x_wconf 73' lang='lat' dir='ltr'>Scaliger</span> <span class='ocrx_word' id='word_1_12' title='bbox 1151 415 1253 470; x_wconf 89' lang='lat' dir='ltr'>nullum</span> <span class='ocrx_word' id='word_1_13' title='bbox 1270 417 1308 470; x_wconf 90' lang='lat' dir='ltr'>in·</span> 
     </span>
     <span class='ocr_line' id='line_1_3' title="bbox 141 500 1309 575; baseline -0.002 -17"><span class='ocrx_word' id='word_1_14' title='bbox 141 504 262 558; x_wconf 82' lang='lat' dir='ltr'>sectandi</span> <span class='ocrx_word' id='word_1_15' title='bbox 273 503 380 558; x_wconf 81' lang='lat' dir='ltr'>Eusebii</span> <span class='ocrx_word' id='word_1_16' title='bbox 394 504 475 558; x_wconf 89' lang='lat' dir='ltr'>finem</span> <span class='ocrx_word' id='word_1_17' title='bbox 490 503 555 557; x_wconf 84' lang='lat' dir='ltr'>iacit</span> <span class='ocrx_word' id='word_1_18' title='bbox 570 504 646 574; x_wconf 91' lang='lat' dir='ltr'>eique</span> <span class='ocrx_word' id='word_1_19' title='bbox 661 521 728 575; x_wconf 88' lang='lat' dir='ltr'>pene</span> <span class='ocrx_word' id='word_1_20' title='bbox 746 504 868 557; x_wconf 85' lang='lat' dir='ltr'>omnibus</span> <span class='ocrx_word' id='word_1_21' title='bbox 879 502 982 573; x_wconf 79' lang='lat' dir='ltr'>paginis</span> <span class='ocrx_word' id='word_1_22' title='bbox 994 503 1135 556; x_wconf 71' lang='lat' dir='ltr'>insolenter</span> <span class='ocrx_word' id='word_1_23' title='bbox 1144 500 1237 558; x_wconf 77' lang='lat' dir='ltr'><strong>illudit.</strong></span> <span class='ocrx_word' id='word_1_24' title='bbox 1260 503 1309 556; x_wconf 88' lang='lat' dir='ltr'>Ac·</span> 
     </span>
     <span class='ocr_line' id='line_1_4' title="bbox 142 588 1309 661; baseline -0.001 -18"><span class='ocrx_word' id='word_1_25' title='bbox 142 591 288 644; x_wconf 84' lang='lat' dir='ltr'>cusationls</span> <span class='ocrx_word' id='word_1_26' title='bbox 306 597 384 661; x_wconf 87' lang='lat' dir='ltr'>ceput</span> <span class='ocrx_word' id='word_1_27' title='bbox 406 595 459 656; x_wconf 88' lang='lat' dir='ltr'>eet,</span> <span class='ocrx_word' id='word_1_28' title='bbox 481 589 550 660; x_wconf 90' lang='lat' dir='ltr'>quod</span> <span class='ocrx_word' id='word_1_29' title='bbox 567 589 735 660; x_wconf 70' lang='lat' dir='ltr'>Assyriorum</span> <span class='ocrx_word' id='word_1_30' title='bbox 756 603 832 658; x_wconf 84' lang='lat' dir='ltr'>reges</span> <span class='ocrx_word' id='word_1_31' title='bbox 850 589 950 658; x_wconf 77' lang='lat' dir='ltr'>aliquot</span> <span class='ocrx_word' id='word_1_32' title='bbox 966 588 1126 658; x_wconf 87' lang='lat' dir='ltr'>praeterierit</span> <span class='ocrx_word' id='word_1_33' title='bbox 1143 594 1169 640; x_wconf 86' lang='lat' dir='ltr'>st</span> <span class='ocrx_word' id='word_1_34' title='bbox 1185 588 1216 640; x_wconf 89' lang='lat' dir='ltr'>de</span> <span class='ocrx_word' id='word_1_35' title='bbox 1234 589 1309 642; x_wconf 87' lang='lat' dir='ltr'>annis</span> 
     </span>
     <span class='ocr_line' id='line_1_5' title="bbox 139 674 1309 744; baseline -0.003 -15"><span class='ocrx_word' id='word_1_36' title='bbox 139 677 249 729; x_wconf 88' lang='lat' dir='ltr'>illorum</span> <span class='ocrx_word' id='word_1_37' title='bbox 271 675 419 730; x_wconf 71' lang='lat' dir='ltr'>detraxerit.</span> <span class='ocrx_word' id='word_1_38' title='bbox 454 675 520 729; x_wconf 86' lang='lat' dir='ltr'>Cum</span> <span class='ocrx_word' id='word_1_39' title='bbox 543 676 614 730; x_wconf 89' lang='lat' dir='ltr'>enim</span> <span class='ocrx_word' id='word_1_40' title='bbox 634 691 668 727; x_wconf 87' lang='lat' dir='ltr'>ex</span> <span class='ocrx_word' id='word_1_41' title='bbox 685 675 807 728; x_wconf 85' lang='lat' dir='ltr'>Airioano</span> <span class='ocrx_word' id='word_1_42' title='bbox 829 689 922 744; x_wconf 79' lang='lat' dir='ltr'>regum</span> <span class='ocrx_word' id='word_1_43' title='bbox 944 675 1047 728; x_wconf 90' lang='lat' dir='ltr'>illorum</span> <span class='ocrx_word' id='word_1_44' title='bbox 1069 674 1162 728; x_wconf 89' lang='lat' dir='ltr'>seriem</span> <span class='ocrx_word' id='word_1_45' title='bbox 1184 679 1210 726; x_wconf 87' lang='lat' dir='ltr'>et</span> <span class='ocrx_word' id='word_1_46' title='bbox 1227 689 1309 728; x_wconf 85' lang='lat' dir='ltr'>annos</span> 
     </span>
     <span class='ocr_line' id='line_1_6' title="bbox 140 759 1310 832; baseline -0.002 -18"><span class='ocrx_word' id='word_1_47' title='bbox 140 761 352 832; x_wconf 87' lang='lat' dir='ltr'>uniuscuiusque</span> <span class='ocrx_word' id='word_1_48' title='bbox 363 761 541 832; x_wconf 81' lang='lat' dir='ltr'>descripserit,</span> <span class='ocrx_word' id='word_1_49' title='bbox 553 759 622 832; x_wconf 89' lang='lat' dir='ltr'>apud</span> <span class='ocrx_word' id='word_1_50' title='bbox 633 759 785 814; x_wconf 73' lang='lat' dir='ltr'>Africanum</span> <span class='ocrx_word' id='word_1_51' title='bbox 796 775 857 812; x_wconf 88' lang='lat' dir='ltr'>rero</span> <span class='ocrx_word' id='word_1_52' title='bbox 870 774 945 829; x_wconf 82' lang='lat' dir='ltr'>reges</span> <span class='ocrx_word' id='word_1_53' title='bbox 958 765 1127 814; x_wconf 85' lang='lat' dir='ltr'>numerentur</span> <span class='ocrx_word' id='word_1_54' title='bbox 1136 775 1193 825; x_wconf 82' lang='lat' dir='ltr'>xnr,</span> <span class='ocrx_word' id='word_1_55' title='bbox 1205 759 1310 814; x_wconf 88' lang='lat' dir='ltr'>iisdem-</span> 
     </span>
     <span class='ocr_line' id='line_1_7' title="bbox 143 845 1403 918; baseline 0.002 -18"><span class='ocrx_word' id='word_1_56' title='bbox 143 863 195 916; x_wconf 88' lang='lat' dir='ltr'>que</span> <span class='ocrx_word' id='word_1_57' title='bbox 212 847 284 900; x_wconf 87' lang='lat' dir='ltr'>mille</span> <span class='ocrx_word' id='word_1_58' title='bbox 300 847 485 918; x_wconf 72' lang='lat' dir='ltr'>quadringenti</span> <span class='ocrx_word' id='word_1_59' title='bbox 501 847 636 917; x_wconf 86' lang='lat' dir='ltr'>octoginta</span> <span class='ocrx_word' id='word_1_60' title='bbox 651 851 763 917; x_wconf 89' lang='lat' dir='ltr'>quatuor</span> <span class='ocrx_word' id='word_1_61' title='bbox 780 845 843 898; x_wconf 88' lang='lat' dir='ltr'>anni</span> <span class='ocrx_word' id='word_1_62' title='bbox 859 845 1019 910; x_wconf 77' lang='lat' dir='ltr'>tribuautnr3</span> <span class='ocrx_word' id='word_1_63' title='bbox 1039 845 1168 902; x_wconf 76' lang='lat' dir='ltr'>Eusebius</span> <span class='ocrx_word' id='word_1_64' title='bbox 1183 863 1212 899; x_wconf 85' lang='lat' dir='ltr'>rr</span> <span class='ocrx_word' id='word_1_65' title='bbox 1225 861 1310 916; x_wconf 83' lang='lat' dir='ltr'>reges,</span> <span class='ocrx_word' id='word_1_66' title='bbox 1336 873 1357 914; x_wconf 74' lang='lat' dir='ltr'>p.</span> <span class='ocrx_word' id='word_1_67' title='bbox 1371 863 1403 902; x_wconf 87' lang='grc' dir='ltr'>ιι.</span> 
     </span>
     <span class='ocr_line' id='line_1_8' title="bbox 143 930 1310 1004; baseline 0 -20"><span class='ocrx_word' id='word_1_68' title='bbox 143 947 227 986; x_wconf 85' lang='lat' dir='ltr'>annos</span> <span class='ocrx_word' id='word_1_69' title='bbox 240 947 314 988; x_wconf 84' lang='lat' dir='ltr'>cnm</span> <span class='ocrx_word' id='word_1_70' title='bbox 324 933 463 1004; x_wconf 85' lang='lat' dir='ltr'>expunxit.</span> <span class='ocrx_word' id='word_1_71' title='bbox 489 933 557 986; x_wconf 81' lang='lat' dir='ltr'>&#39;ium</span> <span class='ocrx_word' id='word_1_72' title='bbox 572 933 630 986; x_wconf 86' lang='lat' dir='ltr'>aliis</span> <span class='ocrx_word' id='word_1_73' title='bbox 647 947 751 986; x_wconf 87' lang='lat' dir='ltr'>rursum</span> <span class='ocrx_word' id='word_1_74' title='bbox 762 931 838 984; x_wconf 88' lang='lat' dir='ltr'>annis</span> <span class='ocrx_word' id='word_1_75' title='bbox 849 930 972 984; x_wconf 62' lang='lat' dir='ltr'>deuotis</span> <span class='ocrx_word' id='word_1_76' title='bbox 988 948 1019 984; x_wconf 93' lang='lat' dir='ltr'>eo</span> <span class='ocrx_word' id='word_1_77' title='bbox 1037 930 1165 984; x_wconf 86' lang='lat' dir='ltr'>calculum</span> <span class='ocrx_word' id='word_1_78' title='bbox 1181 931 1310 1001; x_wconf 84' lang='lat' dir='ltr'>perduxit,</span> 
     </span>
     <span class='ocr_line' id='line_1_9' title="bbox 141 1009 1311 1088; baseline 0 -18"><span class='ocrx_word' id='word_1_79' title='bbox 141 1009 174 1070; x_wconf 87' lang='lat' dir='ltr'>nt</span> <span class='ocrx_word' id='word_1_80' title='bbox 184 1018 257 1072; x_wconf 89' lang='lat' dir='ltr'>mille</span> <span class='ocrx_word' id='word_1_81' title='bbox 269 1019 370 1072; x_wconf 86' lang='lat' dir='ltr'>circiter</span> <span class='ocrx_word' id='word_1_82' title='bbox 381 1033 412 1071; x_wconf 88' lang='lat' dir='ltr'>ac</span> <span class='ocrx_word' id='word_1_83' title='bbox 428 1019 549 1072; x_wconf 77' lang='lat' dir='ltr'>trecentis</span> <span class='ocrx_word' id='word_1_84' title='bbox 566 1019 642 1071; x_wconf 90' lang='lat' dir='ltr'>annis</span> <span class='ocrx_word' id='word_1_85' title='bbox 653 1019 820 1087; x_wconf 76' lang='lat' dir='ltr'>Assyriorum</span> <span class='ocrx_word' id='word_1_86' title='bbox 831 1017 969 1088; x_wconf 89' lang='lat' dir='ltr'>imperium</span> <span class='ocrx_word' id='word_1_87' title='bbox 981 1017 1210 1072; x_wconf 83' lang='lat' dir='ltr'>circumscriberet.</span> <span class='ocrx_word' id='word_1_88' title='bbox 1238 1015 1311 1081; x_wconf 89' lang='lat' dir='ltr'>Quod</span> 
     </span>
     <span class='ocr_line' id='line_1_10' title="bbox 143 1101 1311 1175; baseline -0.001 -18"><span class='ocrx_word' id='word_1_89' title='bbox 143 1119 177 1157; x_wconf 90' lang='lat' dir='ltr'>eo</span> <span class='ocrx_word' id='word_1_90' title='bbox 188 1105 276 1158; x_wconf 87' lang='lat' dir='ltr'>animo</span> <span class='ocrx_word' id='word_1_91' title='bbox 288 1103 383 1158; x_wconf 84' lang='lat' dir='ltr'>iecisse</span> <span class='ocrx_word' id='word_1_92' title='bbox 393 1109 469 1175; x_wconf 87' lang='lat' dir='ltr'>putat</span> <span class='ocrx_word' id='word_1_93' title='bbox 480 1103 604 1175; x_wconf 83' lang='lat' dir='ltr'>Scaliger,</span> <span class='ocrx_word' id='word_1_94' title='bbox 621 1109 650 1157; x_wconf 92' lang='lat' dir='ltr'>ut</span> <span class='ocrx_word' id='word_1_95' title='bbox 666 1103 698 1156; x_wconf 87' lang='lat' dir='ltr'>ad</span> <span class='ocrx_word' id='word_1_96' title='bbox 714 1105 863 1157; x_wconf 87' lang='lat' dir='ltr'>institutum</span> <span class='ocrx_word' id='word_1_97' title='bbox 879 1102 957 1156; x_wconf 85' lang='lat' dir='ltr'>sunm</span> <span class='ocrx_word' id='word_1_98' title='bbox 973 1121 1003 1157; x_wconf 85' lang='lat' dir='ltr'>ae</span> <span class='ocrx_word' id='word_1_99' title='bbox 1018 1101 1141 1174; x_wconf 81' lang='grc' dir='ltr'>πρόληψιν</span> <span class='ocrx_word' id='word_1_100' title='bbox 1151 1118 1245 1174; x_wconf 82' lang='lat' dir='ltr'>regum</span> <span class='ocrx_word' id='word_1_101' title='bbox 1254 1103 1311 1156; x_wconf 90' lang='lat' dir='ltr'>illc·</span> 
     </span>
    </p>

    <p class='ocr_par' dir='ltr' id='par_1_3' title="bbox 43 1187 1366 2974">
     <span class='ocr_line' id='line_1_11' title="bbox 43 1187 1312 1260; baseline -0.002 -17"><span class='ocrx_word' id='word_1_102' title='bbox 43 1217 46 1222; x_wconf 37' lang='lat'>¹</span> <span class='ocrx_word' id='word_1_103' title='bbox 143 1205 202 1243; x_wconf 90' lang='lat' dir='ltr'>rum</span> <span class='ocrx_word' id='word_1_104' title='bbox 213 1195 333 1260; x_wconf 87' lang='lat' dir='ltr'>tempore</span> <span class='ocrx_word' id='word_1_105' title='bbox 344 1190 480 1260; x_wconf 78' lang='lat' dir='ltr'>dirigeret·</span> <span class='ocrx_word' id='word_1_106' title='bbox 501 1189 676 1254; x_wconf 72' lang='lat' dir='ltr'>Quamobrem</span> <span class='ocrx_word' id='word_1_107' title='bbox 686 1190 809 1244; x_wconf 87' lang='lat' dir='ltr'>immanis</span> <span class='ocrx_word' id='word_1_108' title='bbox 820 1188 863 1242; x_wconf 90' lang='lat' dir='ltr'>hio</span> <span class='ocrx_word' id='word_1_109' title='bbox 875 1195 916 1242; x_wconf 88' lang='lat' dir='ltr'>est</span> <span class='ocrx_word' id='word_1_110' title='bbox 926 1187 1142 1244; x_wconf 72' lang='lat' dir='ltr'>anachronismus</span> <span class='ocrx_word' id='word_1_111' title='bbox 1154 1189 1271 1253; x_wconf 82' lang='lat' dir='ltr'>Eusebii,</span> <span class='ocrx_word' id='word_1_112' title='bbox 1289 1189 1312 1241; x_wconf 91' lang='lat' dir='ltr'>si</span> 
     </span>
     <span class='ocr_line' id='line_1_12' title="bbox 144 1274 1312 1348; baseline 0 -20"><span class='ocrx_word' id='word_1_113' title='bbox 144 1274 279 1346; x_wconf 79' lang='lat' dir='ltr'>Scaligero</span> <span class='ocrx_word' id='word_1_114' title='bbox 296 1275 422 1342; x_wconf 76' lang='lat' dir='ltr'>creditur,</span> <span class='ocrx_word' id='word_1_115' title='bbox 440 1293 473 1330; x_wconf 90' lang='lat' dir='ltr'>ex</span> <span class='ocrx_word' id='word_1_116' title='bbox 490 1293 542 1348; x_wconf 92' lang='lat' dir='ltr'>quo</span> <span class='ocrx_word' id='word_1_117' title='bbox 553 1275 651 1330; x_wconf 81' lang='lat' dir='ltr'>iactum</span> <span class='ocrx_word' id='word_1_118' title='bbox 663 1281 715 1340; x_wconf 91' lang='lat' dir='ltr'>est,</span> <span class='ocrx_word' id='word_1_119' title='bbox 732 1279 763 1330; x_wconf 88' lang='lat' dir='ltr'>ul</span> <span class='ocrx_word' id='word_1_120' title='bbox 774 1291 842 1329; x_wconf 86' lang='lat' dir='ltr'>anno</span> <span class='ocrx_word' id='word_1_121' title='bbox 854 1275 917 1329; x_wconf 84' lang='lat' dir='ltr'>Nini</span> <span class='ocrx_word' id='word_1_122' title='bbox 928 1293 995 1330; x_wconf 86' lang='lat' dir='ltr'>xnrrr</span> <span class='ocrx_word' id='word_1_123' title='bbox 1005 1276 1120 1328; x_wconf 86' lang='lat' dir='ltr'>natalem</span> <span class='ocrx_word' id='word_1_124' title='bbox 1132 1275 1256 1328; x_wconf 86' lang='lat' dir='ltr'>Abreami</span> <span class='ocrx_word' id='word_1_125' title='bbox 1265 1289 1312 1345; x_wconf 87' lang='lat' dir='ltr'>po·</span> 
     </span>
     <span class='ocr_line' id='line_1_13' title="bbox 144 1359 1310 1430; baseline 0 -16"><span class='ocrx_word' id='word_1_126' title='bbox 144 1361 237 1427; x_wconf 86' lang='lat' dir='ltr'>suerit;</span> <span class='ocrx_word' id='word_1_127' title='bbox 255 1377 315 1415; x_wconf 90' lang='lat' dir='ltr'>cum</span> <span class='ocrx_word' id='word_1_128' title='bbox 332 1361 365 1414; x_wconf 90' lang='lat' dir='ltr'>ad</span> <span class='ocrx_word' id='word_1_129' title='bbox 382 1359 490 1416; x_wconf 88' lang='lat' dir='ltr'>Belnchi</span> <span class='ocrx_word' id='word_1_130' title='bbox 502 1379 567 1418; x_wconf 84' lang='lat' dir='ltr'>nxxr</span> <span class='ocrx_word' id='word_1_131' title='bbox 582 1361 735 1416; x_wconf 88' lang='lat' dir='ltr'>reiiciendus</span> <span class='ocrx_word' id='word_1_132' title='bbox 752 1361 842 1427; x_wconf 86' lang='lat' dir='ltr'>fuerit,</span> <span class='ocrx_word' id='word_1_133' title='bbox 860 1362 906 1430; x_wconf 90' lang='lat' dir='ltr'>qni</span> <span class='ocrx_word' id='word_1_134' title='bbox 923 1367 964 1414; x_wconf 91' lang='lat' dir='ltr'>est</span> <span class='ocrx_word' id='word_1_135' title='bbox 975 1377 991 1414; x_wconf 88' lang='lat' dir='ltr'>a</span> <span class='ocrx_word' id='word_1_136' title='bbox 1001 1379 1069 1416; x_wconf 85' lang='lat' dir='ltr'>xnnr</span> <span class='ocrx_word' id='word_1_137' title='bbox 1080 1359 1142 1414; x_wconf 85' lang='lat' dir='ltr'>Nini</span> <span class='ocrx_word' id='word_1_138' title='bbox 1153 1360 1208 1414; x_wconf 84' lang='lat' dir='ltr'>iere</span> <span class='ocrx_word' id='word_1_139' title='bbox 1221 1373 1310 1414; x_wconf 77' lang='lat' dir='ltr'>coum.</span> 
     </span>
     <span class='ocr_line' id='line_1_14' title="bbox 145 1445 1312 1518; baseline -0.001 -18"><span class='ocrx_word' id='word_1_140' title='bbox 145 1445 196 1500; x_wconf 83' lang='lat' dir='ltr'>Sed</span> <span class='ocrx_word' id='word_1_141' title='bbox 207 1447 352 1500; x_wconf 72' lang='lat' dir='ltr'>rmmsima</span> <span class='ocrx_word' id='word_1_142' title='bbox 363 1452 404 1501; x_wconf 90' lang='lat' dir='ltr'>est</span> <span class='ocrx_word' id='word_1_143' title='bbox 414 1445 478 1501; x_wconf 90' lang='lat' dir='ltr'>haec</span> <span class='ocrx_word' id='word_1_144' title='bbox 491 1447 671 1518; x_wconf 78' lang='lat' dir='ltr'>Scaligeriana</span> <span class='ocrx_word' id='word_1_145' title='bbox 686 1447 767 1512; x_wconf 86' lang='lat' dir='ltr'>ratio,</span> <span class='ocrx_word' id='word_1_146' title='bbox 784 1463 818 1500; x_wconf 87' lang='lat' dir='ltr'>ex</span> <span class='ocrx_word' id='word_1_147' title='bbox 835 1463 887 1516; x_wconf 86' lang='lat' dir='ltr'>qua</span> <span class='ocrx_word' id='word_1_148' title='bbox 901 1446 1091 1518; x_wconf 76' lang='lat' dir='ltr'>perabsurdum</span> <span class='ocrx_word' id='word_1_149' title='bbox 1107 1446 1172 1500; x_wconf 88' lang='lat' dir='ltr'>illud</span> <span class='ocrx_word' id='word_1_150' title='bbox 1188 1445 1312 1516; x_wconf 89' lang='lat' dir='ltr'>sequitur,</span> 
     </span>
     <span class='ocr_line' id='line_1_15' title="bbox 143 1531 1366 1603; baseline -0.002 -18"><span class='ocrx_word' id='word_1_151' title='bbox 143 1533 313 1602; x_wconf 76' lang='lat' dir='ltr'>Assyriorum</span> <span class='ocrx_word' id='word_1_152' title='bbox 323 1547 417 1603; x_wconf 74' lang='lat' dir='ltr'>regum</span> <span class='ocrx_word' id='word_1_153' title='bbox 427 1533 532 1588; x_wconf 90' lang='lat' dir='ltr'>initium</span> <span class='ocrx_word' id='word_1_154' title='bbox 544 1539 604 1586; x_wconf 86' lang='lat' dir='ltr'>ante</span> <span class='ocrx_word' id='word_1_155' title='bbox 616 1533 742 1586; x_wconf 80' lang='lat' dir='ltr'>diluuium</span> <span class='ocrx_word' id='word_1_156' title='bbox 754 1532 880 1587; x_wconf 83' lang='lat' dir='ltr'>extitisse.</span> <span class='ocrx_word' id='word_1_157' title='bbox 903 1531 1032 1586; x_wconf 77' lang='lat' dir='ltr'>Mundum</span> <span class='ocrx_word' id='word_1_158' title='bbox 1048 1533 1118 1586; x_wconf 90' lang='lat' dir='ltr'>enim</span> <span class='ocrx_word' id='word_1_159' title='bbox 1130 1537 1246 1585; x_wconf 87' lang='lat' dir='ltr'>creatum</span> <span class='ocrx_word' id='word_1_160' title='bbox 1257 1531 1313 1584; x_wconf 88' lang='lat' dir='ltr'>exi-</span> <span class='ocrx_word' id='word_1_161' title='bbox 1364 1552 1366 1556; x_wconf 96' lang='lat'>·</span> 
     </span>
     <span class='ocr_line' id='line_1_16' title="bbox 144 1616 1312 1690; baseline -0.002 -18"><span class='ocrx_word' id='word_1_162' title='bbox 144 1618 236 1672; x_wconf 86' lang='lat' dir='ltr'>stimat</span> <span class='ocrx_word' id='word_1_163' title='bbox 246 1635 316 1672; x_wconf 89' lang='lat' dir='ltr'>anno</span> <span class='ocrx_word' id='word_1_164' title='bbox 327 1635 382 1690; x_wconf 89' lang='lat' dir='ltr'>per.</span> <span class='ocrx_word' id='word_1_165' title='bbox 393 1619 441 1674; x_wconf 91' lang='lat' dir='ltr'>Iul.</span> <span class='ocrx_word' id='word_1_166' title='bbox 451 1617 518 1684; x_wconf 85' lang='grc'><strong>764,</strong></span> <span class='ocrx_word' id='word_1_167' title='bbox 531 1635 547 1672; x_wconf 90' lang='lat' dir='ltr'>s</span> <span class='ocrx_word' id='word_1_168' title='bbox 559 1635 610 1688; x_wconf 90' lang='lat' dir='ltr'>quo</span> <span class='ocrx_word' id='word_1_169' title='bbox 622 1618 656 1672; x_wconf 88' lang='lat' dir='ltr'>ad</span> <span class='ocrx_word' id='word_1_170' title='bbox 667 1616 763 1672; x_wconf 79' lang='lat' dir='ltr'>Christi</span> <span class='ocrx_word' id='word_1_171' title='bbox 774 1619 885 1672; x_wconf 84' lang='lat' dir='ltr'>cateiam</span> <span class='ocrx_word' id='word_1_172' title='bbox 896 1617 1095 1687; x_wconf 75' lang='lat' dir='ltr'>Dionysiorum,</span> <span class='ocrx_word' id='word_1_173' title='bbox 1108 1619 1153 1688; x_wconf 92' lang='lat' dir='ltr'>qui</span> <span class='ocrx_word' id='word_1_174' title='bbox 1165 1633 1233 1672; x_wconf 86' lang='lat' dir='ltr'>anno</span> <span class='ocrx_word' id='word_1_175' title='bbox 1246 1617 1312 1671; x_wconf 88' lang='lat' dir='ltr'>sius·</span> 
     </span>
     <span class='ocr_line' id='line_1_17' title="bbox 145 1703 1314 1774; baseline -0.001 -18"><span class='ocrx_word' id='word_1_176' title='bbox 145 1704 205 1757; x_wconf 82' lang='lat' dir='ltr'>dens</span> <span class='ocrx_word' id='word_1_177' title='bbox 215 1703 316 1774; x_wconf 88' lang='lat' dir='ltr'>periodi</span> <span class='ocrx_word' id='word_1_178' title='bbox 326 1703 402 1758; x_wconf 98' lang='grc'><strong>4713.</strong></span> <span class='ocrx_word' id='word_1_179' title='bbox 414 1705 548 1768; x_wconf 80' lang='lat' dir='ltr'>contenit,</span> <span class='ocrx_word' id='word_1_180' title='bbox 565 1703 628 1758; x_wconf 88' lang='lat' dir='ltr'>anni</span> <span class='ocrx_word' id='word_1_181' title='bbox 644 1709 708 1758; x_wconf 85' lang='lat' dir='ltr'>snut</span> <span class='ocrx_word' id='word_1_182' title='bbox 722 1703 798 1758; x_wconf 79' lang='grc'><strong>3950.</strong></span> <span class='ocrx_word' id='word_1_183' title='bbox 824 1703 896 1756; x_wconf 89' lang='lat' dir='ltr'>idem</span> <span class='ocrx_word' id='word_1_184' title='bbox 911 1719 988 1774; x_wconf 89' lang='lat' dir='ltr'>porro</span> <span class='ocrx_word' id='word_1_185' title='bbox 1000 1703 1170 1774; x_wconf 72' lang='lat' dir='ltr'>Sardanapali</span> <span class='ocrx_word' id='word_1_186' title='bbox 1183 1719 1274 1758; x_wconf 87' lang='lat' dir='ltr'>necem</span> <span class='ocrx_word' id='word_1_187' title='bbox 1287 1709 1314 1756; x_wconf 90' lang='lat' dir='ltr'>et</span> 
     </span>
     <span class='ocr_line' id='line_1_18' title="bbox 145 1787 1313 1860; baseline -0.001 -17"><span class='ocrx_word' id='word_1_188' title='bbox 145 1789 311 1858; x_wconf 77' lang='lat' dir='ltr'>Assyriorum</span> <span class='ocrx_word' id='word_1_189' title='bbox 322 1789 402 1843; x_wconf 87' lang='lat' dir='ltr'>tinem</span> <span class='ocrx_word' id='word_1_190' title='bbox 413 1790 441 1844; x_wconf 92' lang='lat' dir='ltr'>in</span> <span class='ocrx_word' id='word_1_191' title='bbox 453 1805 551 1844; x_wconf 87' lang='lat' dir='ltr'>annum</span> <span class='ocrx_word' id='word_1_192' title='bbox 563 1789 669 1844; x_wconf 89' lang='lat' dir='ltr'>coniicit</span> <span class='ocrx_word' id='word_1_193' title='bbox 679 1789 776 1860; x_wconf 90' lang='lat' dir='ltr'>period.</span> <span class='ocrx_word' id='word_1_194' title='bbox 786 1789 834 1844; x_wconf 90' lang='lat' dir='ltr'>iul.</span> <span class='ocrx_word' id='word_1_195' title='bbox 845 1787 934 1854; x_wconf 89' lang='grc'><strong>3840,</strong></span> <span class='ocrx_word' id='word_1_196' title='bbox 946 1789 992 1859; x_wconf 92' lang='lat' dir='ltr'>qui</span> <span class='ocrx_word' id='word_1_197' title='bbox 1003 1794 1043 1842; x_wconf 88' lang='lat' dir='ltr'>est</span> <span class='ocrx_word' id='word_1_198' title='bbox 1053 1789 1145 1842; x_wconf 88' lang='lat' dir='ltr'>mundi</span> <span class='ocrx_word' id='word_1_199' title='bbox 1153 1788 1228 1842; x_wconf 92' lang='grc'><strong>3077.</strong></span> <span class='ocrx_word' id='word_1_200' title='bbox 1245 1788 1313 1842; x_wconf 86' lang='lat' dir='ltr'>Rur-</span> 
     </span>
     <span class='ocr_line' id='line_1_19' title="bbox 145 1873 1312 1946; baseline -0.001 -18"><span class='ocrx_word' id='word_1_201' title='bbox 145 1891 192 1928; x_wconf 87' lang='lat' dir='ltr'>sus</span> <span class='ocrx_word' id='word_1_202' title='bbox 202 1873 329 1928; x_wconf 82' lang='lat' dir='ltr'>dilnriitm</span> <span class='ocrx_word' id='word_1_203' title='bbox 340 1875 446 1941; x_wconf 87' lang='lat' dir='ltr'>accidit,</span> <span class='ocrx_word' id='word_1_204' title='bbox 463 1881 494 1929; x_wconf 92' lang='lat' dir='ltr'>ut</span> <span class='ocrx_word' id='word_1_205' title='bbox 507 1875 551 1929; x_wconf 89' lang='lat' dir='ltr'>ille</span> <span class='ocrx_word' id='word_1_206' title='bbox 562 1879 651 1946; x_wconf 84' lang='lat' dir='ltr'>putat,</span> <span class='ocrx_word' id='word_1_207' title='bbox 669 1891 738 1929; x_wconf 87' lang='lat' dir='ltr'>anno</span> <span class='ocrx_word' id='word_1_208' title='bbox 750 1874 841 1928; x_wconf 89' lang='lat' dir='ltr'>mundi</span> <span class='ocrx_word' id='word_1_209' title='bbox 855 1873 929 1930; x_wconf 78' lang='grc'><strong>1897.</strong></span> <span class='ocrx_word' id='word_1_210' title='bbox 948 1873 1048 1938; x_wconf 84' lang='lat' dir='ltr'>Quibus</span> <span class='ocrx_word' id='word_1_211' title='bbox 1060 1874 1092 1928; x_wconf 90' lang='lat' dir='ltr'>de</span> <span class='ocrx_word' id='word_1_212' title='bbox 1103 1873 1170 1928; x_wconf 89' lang='grc'><strong>3077</strong></span> <span class='ocrx_word' id='word_1_213' title='bbox 1183 1875 1312 1939; x_wconf 88' lang='lat' dir='ltr'>detractis,</span> 
     </span>
     <span class='ocr_line' id='line_1_20' title="bbox 145 1959 1313 2032; baseline -0.001 -19"><span class='ocrx_word' id='word_1_214' title='bbox 145 1960 240 2030; x_wconf 88' lang='lat' dir='ltr'>reliqui</span> <span class='ocrx_word' id='word_1_215' title='bbox 250 1965 313 2014; x_wconf 90' lang='lat' dir='ltr'>sunt</span> <span class='ocrx_word' id='word_1_216' title='bbox 325 1960 398 2014; x_wconf 80' lang='grc'><strong>1490.</strong></span> <span class='ocrx_word' id='word_1_217' title='bbox 421 1961 502 2032; x_wconf 82' lang='lat' dir='ltr'>Atqui</span> <span class='ocrx_word' id='word_1_218' title='bbox 512 1967 651 2031; x_wconf 76' lang='lat' dir='ltr'>regnatum</span> <span class='ocrx_word' id='word_1_219' title='bbox 663 1967 703 2015; x_wconf 88' lang='lat' dir='ltr'>est</span> <span class='ocrx_word' id='word_1_220' title='bbox 713 1961 746 2014; x_wconf 93' lang='lat' dir='ltr'>ab</span> <span class='ocrx_word' id='word_1_221' title='bbox 758 1960 872 2029; x_wconf 84' lang='lat' dir='ltr'>Assyriis</span> <span class='ocrx_word' id='word_1_222' title='bbox 883 1977 966 2014; x_wconf 87' lang='lat' dir='ltr'>annos</span> <span class='ocrx_word' id='word_1_223' title='bbox 980 1959 1052 2016; x_wconf 92' lang='grc'><strong>1484.</strong></span> <span class='ocrx_word' id='word_1_224' title='bbox 1078 1959 1162 2031; x_wconf 82' lang='lat' dir='ltr'>Igitur</span> <span class='ocrx_word' id='word_1_225' title='bbox 1172 1975 1241 2014; x_wconf 85' lang='lat' dir='ltr'>enno</span> <span class='ocrx_word' id='word_1_226' title='bbox 1253 1965 1313 2013; x_wconf 84' lang='lat' dir='ltr'>ante</span> 
     </span>
     <span class='ocr_line' id='line_1_21' title="bbox 145 2043 1312 2118; baseline -0.001 -20"><span class='ocrx_word' id='word_1_227' title='bbox 145 2043 273 2100; x_wconf 76' lang='lat' dir='ltr'>diluuium</span> <span class='ocrx_word' id='word_1_228' title='bbox 285 2045 326 2102; x_wconf 86' lang='grc'>64.</span> <span class='ocrx_word' id='word_1_229' title='bbox 345 2045 433 2103; x_wconf 72' lang='lat' dir='ltr'>Belus</span> <span class='ocrx_word' id='word_1_230' title='bbox 450 2047 587 2118; x_wconf 89' lang='lat' dir='ltr'>imperinm</span> <span class='ocrx_word' id='word_1_231' title='bbox 604 2046 675 2102; x_wconf 88' lang='lat' dir='ltr'>adiit.</span> <span class='ocrx_word' id='word_1_232' title='bbox 704 2045 811 2100; x_wconf 87' lang='lat' dir='ltr'>Nullum</span> <span class='ocrx_word' id='word_1_233' title='bbox 827 2043 868 2099; x_wconf 90' lang='lat' dir='ltr'>hic</span> <span class='ocrx_word' id='word_1_234' title='bbox 884 2047 1019 2118; x_wconf 89' lang='lat' dir='ltr'>proleptici</span> <span class='ocrx_word' id='word_1_235' title='bbox 1034 2047 1159 2116; x_wconf 90' lang='lat' dir='ltr'>temporis</span> <span class='ocrx_word' id='word_1_236' title='bbox 1175 2044 1312 2098; x_wconf 87' lang='lat' dir='ltr'>methodus</span> 
     </span>
     <span class='ocr_line' id='line_1_22' title="bbox 144 2129 1313 2203; baseline 0 -20"><span class='ocrx_word' id='word_1_237' title='bbox 144 2129 233 2184; x_wconf 84' lang='lat' dir='ltr'>lucum</span> <span class='ocrx_word' id='word_1_238' title='bbox 249 2130 344 2186; x_wconf 86' lang='lat' dir='ltr'>habere</span> <span class='ocrx_word' id='word_1_239' title='bbox 361 2137 460 2203; x_wconf 85' lang='lat' dir='ltr'>potest:</span> <span class='ocrx_word' id='word_1_240' title='bbox 481 2133 527 2186; x_wconf 90' lang='lat' dir='ltr'>ubi</span> <span class='ocrx_word' id='word_1_241' title='bbox 543 2131 668 2185; x_wconf 86' lang='lat' dir='ltr'>historica</span> <span class='ocrx_word' id='word_1_242' title='bbox 684 2133 778 2185; x_wconf 84' lang='lat' dir='ltr'>veritas</span> <span class='ocrx_word' id='word_1_243' title='bbox 795 2147 964 2186; x_wconf 79' lang='lat' dir='ltr'>severorum</span> <span class='ocrx_word' id='word_1_244' title='bbox 981 2147 1073 2202; x_wconf 76' lang='lat' dir='ltr'>regum</span> <span class='ocrx_word' id='word_1_245' title='bbox 1091 2131 1196 2201; x_wconf 83' lang='lat' dir='ltr'>uerique</span> <span class='ocrx_word' id='word_1_246' title='bbox 1212 2129 1313 2202; x_wconf 90' lang='lat' dir='ltr'>imperii</span> 
     </span>
     <span class='ocr_line' id='line_1_23' title="bbox 145 2215 1313 2288; baseline 0 -20"><span class='ocrx_word' id='word_1_247' title='bbox 145 2219 249 2286; x_wconf 88' lang='lat' dir='ltr'>tempus</span> <span class='ocrx_word' id='word_1_248' title='bbox 261 2217 413 2286; x_wconf 88' lang='lat' dir='ltr'>exquiritur.</span> <span class='ocrx_word' id='word_1_249' title='bbox 439 2217 506 2282; x_wconf 88' lang='lat' dir='ltr'>Quid</span> <span class='ocrx_word' id='word_1_250' title='bbox 518 2218 588 2272; x_wconf 90' lang='lat' dir='ltr'>enim</span> <span class='ocrx_word' id='word_1_251' title='bbox 601 2218 719 2288; x_wconf 84' lang='lat' dir='ltr'>peccarit</span> <span class='ocrx_word' id='word_1_252' title='bbox 729 2217 871 2282; x_wconf 83' lang='lat' dir='ltr'>Eusebius,</span> <span class='ocrx_word' id='word_1_253' title='bbox 888 2218 933 2288; x_wconf 89' lang='lat' dir='ltr'>qui</span> <span class='ocrx_word' id='word_1_254' title='bbox 945 2235 990 2271; x_wconf 91' lang='lat' dir='ltr'>eos</span> <span class='ocrx_word' id='word_1_255' title='bbox 1003 2233 1086 2271; x_wconf 88' lang='lat' dir='ltr'>annos</span> <span class='ocrx_word' id='word_1_256' title='bbox 1099 2218 1199 2282; x_wconf 91' lang='lat' dir='ltr'>omisit,</span> <span class='ocrx_word' id='word_1_257' title='bbox 1211 2233 1245 2269; x_wconf 85' lang='lat' dir='ltr'>ex</span> <span class='ocrx_word' id='word_1_258' title='bbox 1258 2215 1313 2286; x_wconf 89' lang='lat' dir='ltr'>qni-</span> 
     </span>
     <span class='ocr_line' id='line_1_24' title="bbox 145 2301 1313 2373; baseline 0 -19"><span class='ocrx_word' id='word_1_259' title='bbox 145 2301 196 2354; x_wconf 89' lang='lat' dir='ltr'>bus</span> <span class='ocrx_word' id='word_1_260' title='bbox 207 2302 375 2356; x_wconf 85' lang='lat' dir='ltr'>absurditatis</span> <span class='ocrx_word' id='word_1_261' title='bbox 386 2308 488 2356; x_wconf 86' lang='lat' dir='ltr'>tanturn</span> <span class='ocrx_word' id='word_1_262' title='bbox 500 2304 674 2373; x_wconf 73' lang='lat' dir='ltr'>sequebatur?</span> <span class='ocrx_word' id='word_1_263' title='bbox 691 2303 732 2356; x_wconf 92' lang='lat' dir='ltr'>An</span> <span class='ocrx_word' id='word_1_264' title='bbox 743 2321 797 2356; x_wconf 88' lang='lat' dir='ltr'>non</span> <span class='ocrx_word' id='word_1_265' title='bbox 809 2302 937 2368; x_wconf 75' lang='lat' dir='ltr'>ciselam,</span> <span class='ocrx_word' id='word_1_266' title='bbox 949 2303 1105 2368; x_wconf 89' lang='lat' dir='ltr'>Diodorum,</span> <span class='ocrx_word' id='word_1_267' title='bbox 1117 2303 1181 2356; x_wconf 85' lang='lat' dir='ltr'>alios</span> <span class='ocrx_word' id='word_1_268' title='bbox 1194 2301 1313 2371; x_wconf 89' lang='lat' dir='ltr'>denique,</span> 
     </span>
     <span class='ocr_line' id='line_1_25' title="bbox 146 2387 1313 2460; baseline 0.001 -21"><span class='ocrx_word' id='word_1_269' title='bbox 146 2403 226 2456; x_wconf 88' lang='lat' dir='ltr'>quam</span> <span class='ocrx_word' id='word_1_270' title='bbox 236 2387 388 2442; x_wconf 84' lang='lat' dir='ltr'>Africanum</span> <span class='ocrx_word' id='word_1_271' title='bbox 406 2394 510 2442; x_wconf 89' lang='lat' dir='ltr'>autores</span> <span class='ocrx_word' id='word_1_272' title='bbox 524 2388 621 2442; x_wconf 87' lang='lat' dir='ltr'>habere</span> <span class='ocrx_word' id='word_1_273' title='bbox 637 2390 734 2460; x_wconf 89' lang='lat' dir='ltr'>potuit,</span> <span class='ocrx_word' id='word_1_274' title='bbox 753 2401 787 2442; x_wconf 81' lang='lat' dir='ltr'>ex</span> <span class='ocrx_word' id='word_1_275' title='bbox 803 2389 896 2459; x_wconf 91' lang='lat' dir='ltr'>quibus</span> <span class='ocrx_word' id='word_1_276' title='bbox 912 2405 1050 2442; x_wconf 89' lang='lat' dir='ltr'>numerum</span> <span class='ocrx_word' id='word_1_277' title='bbox 1066 2389 1141 2442; x_wconf 89' lang='lat' dir='ltr'>illum</span> <span class='ocrx_word' id='word_1_278' title='bbox 1157 2403 1249 2458; x_wconf 82' lang='lat' dir='ltr'>regum</span> <span class='ocrx_word' id='word_1_279' title='bbox 1264 2387 1313 2440; x_wconf 88' lang='lat' dir='ltr'>As·</span> 
     </span>
     <span class='ocr_line' id='line_1_26' title="bbox 146 2472 1313 2546; baseline 0 -20"><span class='ocrx_word' id='word_1_280' title='bbox 146 2472 278 2540; x_wconf 77' lang='lat' dir='ltr'>syriorum</span> <span class='ocrx_word' id='word_1_281' title='bbox 295 2473 449 2528; x_wconf 78' lang='lat' dir='ltr'>conficeret?</span> <span class='ocrx_word' id='word_1_282' title='bbox 475 2473 546 2528; x_wconf 85' lang='lat' dir='ltr'>Sane</span> <span class='ocrx_word' id='word_1_283' title='bbox 562 2475 703 2540; x_wconf 88' lang='lat' dir='ltr'>Diodorus,</span> <span class='ocrx_word' id='word_1_284' title='bbox 721 2491 800 2546; x_wconf 91' lang='lat' dir='ltr'>quem</span> <span class='ocrx_word' id='word_1_285' title='bbox 815 2475 910 2528; x_wconf 82' lang='lat' dir='ltr'>lluseb.</span> <span class='ocrx_word' id='word_1_286' title='bbox 927 2475 1002 2528; x_wconf 85' lang='lat' dir='ltr'>libr.</span> <span class='ocrx_word' id='word_1_287' title='bbox 1019 2473 1113 2529; x_wconf 78' lang='lat' dir='ltr'>chron.</span> <span class='ocrx_word' id='word_1_288' title='bbox 1124 2489 1186 2545; x_wconf 80' lang='lat' dir='ltr'>pag.</span> <span class='ocrx_word' id='word_1_289' title='bbox 1199 2473 1240 2528; x_wconf 83' lang='grc'>99.</span> <span class='ocrx_word' id='word_1_290' title='bbox 1252 2472 1313 2527; x_wconf 81' lang='lat' dir='ltr'>edit</span> 
     </span>
     <span class='ocr_line' id='line_1_27' title="bbox 148 2555 1314 2631; baseline 0.001 -20"><span class='ocrx_word' id='word_1_291' title='bbox 148 2555 264 2611; x_wconf 82' lang='lat' dir='ltr'>Graecae</span> <span class='ocrx_word' id='word_1_292' title='bbox 280 2559 390 2628; x_wconf 76' lang='lat' dir='ltr'>profert,</span> <span class='ocrx_word' id='word_1_293' title='bbox 413 2559 620 2630; x_wconf 83' lang='lat' dir='ltr'>Sardanapalum</span> <span class='ocrx_word' id='word_1_294' title='bbox 640 2579 657 2614; x_wconf 87' lang='lat' dir='ltr'>a</span> <span class='ocrx_word' id='word_1_295' title='bbox 672 2560 740 2615; x_wconf 86' lang='lat' dir='ltr'>Nino</span> <span class='ocrx_word' id='word_1_296' title='bbox 758 2561 878 2631; x_wconf 90' lang='lat' dir='ltr'>quintum</span> <span class='ocrx_word' id='word_1_297' title='bbox 896 2575 926 2614; x_wconf 86' lang='lat' dir='ltr'>ao</span> <span class='ocrx_word' id='word_1_298' title='bbox 943 2561 1103 2614; x_wconf 73' lang='lat' dir='ltr'>uicesinrnm</span> <span class='ocrx_word' id='word_1_299' title='bbox 1123 2564 1254 2628; x_wconf 80' lang='lat' dir='ltr'>numerat3</span> <span class='ocrx_word' id='word_1_300' title='bbox 1276 2559 1314 2612; x_wconf 88' lang='lat' dir='ltr'>ita</span> 
     </span>
     <span class='ocr_line' id='line_1_28' title="bbox 145 2641 1314 2718; baseline 0.001 -23"><span class='ocrx_word' id='word_1_301' title='bbox 145 2641 216 2696; x_wconf 85' lang='lat' dir='ltr'>finnt</span> <span class='ocrx_word' id='word_1_302' title='bbox 232 2644 325 2698; x_wconf 85' lang='lat' dir='ltr'>additis</span> <span class='ocrx_word' id='word_1_303' title='bbox 342 2645 411 2700; x_wconf 85' lang='lat' dir='ltr'>Nino</span> <span class='ocrx_word' id='word_1_304' title='bbox 429 2661 460 2700; x_wconf 87' lang='lat' dir='ltr'>ac</span> <span class='ocrx_word' id='word_1_305' title='bbox 476 2645 555 2712; x_wconf 90' lang='lat' dir='ltr'>Belo,</span> <span class='ocrx_word' id='word_1_306' title='bbox 573 2661 648 2718; x_wconf 84' lang='lat' dir='ltr'>reges</span> <span class='ocrx_word' id='word_1_307' title='bbox 660 2663 767 2712; x_wconf 81' lang='lat' dir='ltr'>xxrrrr,</span> <span class='ocrx_word' id='word_1_308' title='bbox 785 2653 850 2717; x_wconf 90' lang='lat' dir='ltr'>quot</span> <span class='ocrx_word' id='word_1_309' title='bbox 866 2645 993 2700; x_wconf 84' lang='lat' dir='ltr'>Eusebius</span> <span class='ocrx_word' id='word_1_310' title='bbox 1009 2647 1166 2715; x_wconf 84' lang='lat' dir='ltr'>percensuit</span> <span class='ocrx_word' id='word_1_311' title='bbox 1199 2643 1273 2708; x_wconf 92' lang='lat' dir='ltr'>Quod</span> <span class='ocrx_word' id='word_1_312' title='bbox 1290 2645 1314 2696; x_wconf 92' lang='lat' dir='ltr'>si</span> 
     </span>
     <span class='ocr_line' id='line_1_29' title="bbox 145 2729 1314 2803; baseline 0.002 -22"><span class='ocrx_word' id='word_1_313' title='bbox 145 2735 260 2798; x_wconf 89' lang='lat' dir='ltr'>quatuor</span> <span class='ocrx_word' id='word_1_314' title='bbox 270 2731 310 2784; x_wconf 92' lang='lat' dir='ltr'>illi</span> <span class='ocrx_word' id='word_1_315' title='bbox 319 2747 396 2802; x_wconf 80' lang='lat' dir='ltr'>reges</span> <span class='ocrx_word' id='word_1_316' title='bbox 408 2732 442 2785; x_wconf 88' lang='lat' dir='ltr'>ab</span> <span class='ocrx_word' id='word_1_317' title='bbox 453 2731 567 2786; x_wconf 85' lang='lat' dir='ltr'>liueebio</span> <span class='ocrx_word' id='word_1_318' title='bbox 578 2733 755 2803; x_wconf 83' lang='lat' dir='ltr'>praetermissi</span> <span class='ocrx_word' id='word_1_319' title='bbox 770 2731 851 2786; x_wconf 86' lang='lat' dir='ltr'>nihilo</span> <span class='ocrx_word' id='word_1_320' title='bbox 863 2732 948 2784; x_wconf 89' lang='lat' dir='ltr'>secius</span> <span class='ocrx_word' id='word_1_321' title='bbox 959 2729 1106 2784; x_wconf 88' lang='lat' dir='ltr'>intrudendi</span> <span class='ocrx_word' id='word_1_322' title='bbox 1114 2730 1224 2795; x_wconf 85' lang='lat' dir='ltr'>tuerent,</span> <span class='ocrx_word' id='word_1_323' title='bbox 1235 2731 1314 2783; x_wconf 89' lang='lat' dir='ltr'>inter·</span> 
     </span>
     <span class='ocr_line' id='line_1_30' title="bbox 145 2815 1313 2888; baseline 0.003 -22"><span class='ocrx_word' id='word_1_324' title='bbox 145 2820 204 2867; x_wconf 88' lang='lat' dir='ltr'>erat</span> <span class='ocrx_word' id='word_1_325' title='bbox 219 2815 288 2881; x_wconf 90' lang='lat' dir='ltr'>eins,</span> <span class='ocrx_word' id='word_1_326' title='bbox 304 2817 350 2886; x_wconf 91' lang='lat' dir='ltr'>qui</span> <span class='ocrx_word' id='word_1_327' title='bbox 365 2817 506 2870; x_wconf 89' lang='lat' dir='ltr'>ludibrium</span> <span class='ocrx_word' id='word_1_328' title='bbox 518 2823 657 2883; x_wconf 77' lang='lat' dir='ltr'>vereretur,</span> <span class='ocrx_word' id='word_1_329' title='bbox 674 2817 706 2870; x_wconf 91' lang='lat' dir='ltr'>de</span> <span class='ocrx_word' id='word_1_330' title='bbox 723 2817 887 2886; x_wconf 82' lang='lat' dir='ltr'>singulorum</span> <span class='ocrx_word' id='word_1_331' title='bbox 904 2817 998 2869; x_wconf 80' lang='lat' dir='ltr'>saltem</span> <span class='ocrx_word' id='word_1_332' title='bbox 1016 2816 1107 2888; x_wconf 84' lang='lat' dir='ltr'>spatiis</span> <span class='ocrx_word' id='word_1_333' title='bbox 1119 2815 1220 2886; x_wconf 88' lang='lat' dir='ltr'>aliquot</span> <span class='ocrx_word' id='word_1_334' title='bbox 1230 2831 1313 2869; x_wconf 87' lang='lat' dir='ltr'>annue</span> 
     </span>
     <span class='ocr_line' id='line_1_31' title="bbox 147 2899 1145 2974; baseline 0.003 -21"><span class='ocrx_word' id='word_1_335' title='bbox 147 2899 288 2967; x_wconf 87' lang='lat' dir='ltr'>deducere,</span> <span class='ocrx_word' id='word_1_336' title='bbox 299 2907 329 2954; x_wconf 90' lang='lat' dir='ltr'>ut</span> <span class='ocrx_word' id='word_1_337' title='bbox 339 2902 507 2972; x_wconf 87' lang='lat' dir='ltr'>Assyriorum</span> <span class='ocrx_word' id='word_1_338' title='bbox 516 2903 659 2974; x_wconf 88' lang='lat' dir='ltr'>primordia</span> <span class='ocrx_word' id='word_1_339' title='bbox 670 2903 737 2955; x_wconf 87' lang='lat' dir='ltr'>intra</span> <span class='ocrx_word' id='word_1_340' title='bbox 748 2901 839 2954; x_wconf 77' lang='lat' dir='ltr'>dilurfi</span> <span class='ocrx_word' id='word_1_341' title='bbox 849 2906 933 2954; x_wconf 86' lang='lat' dir='ltr'>metas</span> <span class='ocrx_word' id='word_1_342' title='bbox 945 2901 1145 2956; x_wconf 82' lang='lat' dir='ltr'>continerentur.</span> 
     </span>
    </p>

    <p class='ocr_par' dir='ltr' id='par_1_4' title="bbox 146 2985 1403 4516">
     <span class='ocr_line' id='line_1_32' title="bbox 214 2985 1314 3058; baseline 0.002 -18"><span class='ocrx_word' id='word_1_343' title='bbox 214 2985 270 3040; x_wconf 82' lang='lat' dir='ltr'>Nos</span> <span class='ocrx_word' id='word_1_344' title='bbox 286 2993 317 3040; x_wconf 89' lang='lat' dir='ltr'>ut</span> <span class='ocrx_word' id='word_1_345' title='bbox 331 2988 511 3042; x_wconf 86' lang='lat' dir='ltr'>obscurissimi</span> <span class='ocrx_word' id='word_1_346' title='bbox 525 2987 747 3057; x_wconf 77' lang='lat' dir='ltr'>vemsussimique</span> <span class='ocrx_word' id='word_1_347' title='bbox 763 2987 866 3057; x_wconf 88' lang='lat' dir='ltr'>imperii</span> <span class='ocrx_word' id='word_1_348' title='bbox 876 2987 990 3057; x_wconf 79' lang='lat' dir='ltr'>uestigia</span> <span class='ocrx_word' id='word_1_349' title='bbox 1005 3003 1199 3058; x_wconf 89' lang='lat' dir='ltr'>persequamur,</span> <span class='ocrx_word' id='word_1_350' title='bbox 1216 2993 1314 3042; x_wconf 84' lang='lat' dir='ltr'>certam</span> 
     </span>
     <span class='ocr_line' id='line_1_33' title="bbox 147 3069 1315 3143; baseline 0.001 -18"><span class='ocrx_word' id='word_1_351' title='bbox 147 3071 275 3143; x_wconf 86' lang='lat' dir='ltr'>epocham</span> <span class='ocrx_word' id='word_1_352' title='bbox 285 3072 443 3143; x_wconf 82' lang='lat' dir='ltr'>deligemus,</span> <span class='ocrx_word' id='word_1_353' title='bbox 456 3073 488 3126; x_wconf 87' lang='lat' dir='ltr'>de</span> <span class='ocrx_word' id='word_1_354' title='bbox 501 3089 553 3143; x_wconf 88' lang='lat' dir='ltr'>qua</span> <span class='ocrx_word' id='word_1_355' title='bbox 564 3073 633 3143; x_wconf 90' lang='lat' dir='ltr'>apud</span> <span class='ocrx_word' id='word_1_356' title='bbox 645 3089 737 3127; x_wconf 87' lang='lat' dir='ltr'>omnes</span> <span class='ocrx_word' id='word_1_357' title='bbox 748 3072 831 3126; x_wconf 82' lang='lat' dir='ltr'>terme</span> <span class='ocrx_word' id='word_1_358' title='bbox 842 3069 1015 3143; x_wconf 76' lang='lat' dir='ltr'>chronologos</span> <span class='ocrx_word' id='word_1_359' title='bbox 1027 3077 1136 3129; x_wconf 86' lang='lat' dir='ltr'>constet.</span> <span class='ocrx_word' id='word_1_360' title='bbox 1155 3073 1193 3126; x_wconf 84' lang='lat' dir='ltr'>lla</span> <span class='ocrx_word' id='word_1_361' title='bbox 1204 3077 1245 3128; x_wconf 86' lang='lat' dir='ltr'>est</span> <span class='ocrx_word' id='word_1_362' title='bbox 1253 3071 1315 3142; x_wconf 85' lang='lat' dir='ltr'>(lysi</span> 
     </span>
     <span class='ocr_line' id='line_1_34' title="bbox 147 3157 1315 3229; baseline -0.002 -17"><span class='ocrx_word' id='word_1_363' title='bbox 147 3174 177 3212; x_wconf 85' lang='lat' dir='ltr'>ae</span> <span class='ocrx_word' id='word_1_364' title='bbox 187 3157 285 3212; x_wconf 90' lang='lat' dir='ltr'>Persici</span> <span class='ocrx_word' id='word_1_365' title='bbox 295 3159 385 3228; x_wconf 77' lang='lat' dir='ltr'>regni,</span> <span class='ocrx_word' id='word_1_366' title='bbox 401 3160 475 3214; x_wconf 87' lang='lat' dir='ltr'>cuius</span> <span class='ocrx_word' id='word_1_367' title='bbox 486 3159 591 3212; x_wconf 89' lang='lat' dir='ltr'>initium</span> <span class='ocrx_word' id='word_1_368' title='bbox 602 3175 692 3212; x_wconf 89' lang='lat' dir='ltr'>omnes</span> <span class='ocrx_word' id='word_1_369' title='bbox 704 3163 824 3212; x_wconf 88' lang='lat' dir='ltr'>statuunt</span> <span class='ocrx_word' id='word_1_370' title='bbox 835 3157 938 3229; x_wconf 90' lang='lat' dir='ltr'>Olymp.</span> <span class='ocrx_word' id='word_1_371' title='bbox 950 3175 992 3212; x_wconf 83' lang='lat' dir='ltr'>nr.</span> <span class='ocrx_word' id='word_1_372' title='bbox 1009 3173 1078 3212; x_wconf 88' lang='lat' dir='ltr'>anno</span> <span class='ocrx_word' id='word_1_373' title='bbox 1094 3159 1188 3228; x_wconf 89' lang='lat' dir='ltr'>primo.</span> <span class='ocrx_word' id='word_1_374' title='bbox 1222 3157 1315 3229; x_wconf 87' lang='lat' dir='ltr'>(loeplt</span> 
     </span>
     <span class='ocr_line' id='line_1_35' title="bbox 147 3242 1313 3316; baseline 0 -18"><span class='ocrx_word' id='word_1_375' title='bbox 147 3242 211 3298; x_wconf 86' lang='lat' dir='ltr'>haec</span> <span class='ocrx_word' id='word_1_376' title='bbox 224 3243 373 3314; x_wconf 84' lang='lat' dir='ltr'>Olympias,</span> <span class='ocrx_word' id='word_1_377' title='bbox 386 3249 415 3297; x_wconf 92' lang='lat' dir='ltr'>ut</span> <span class='ocrx_word' id='word_1_378' title='bbox 426 3244 491 3298; x_wconf 87' lang='lat' dir='ltr'>alias</span> <span class='ocrx_word' id='word_1_379' title='bbox 504 3243 661 3310; x_wconf 87' lang='lat' dir='ltr'>ostendetur,</span> <span class='ocrx_word' id='word_1_380' title='bbox 673 3259 743 3298; x_wconf 86' lang='lat' dir='ltr'>anno</span> <span class='ocrx_word' id='word_1_381' title='bbox 755 3261 808 3314; x_wconf 90' lang='lat' dir='ltr'>per.</span> <span class='ocrx_word' id='word_1_382' title='bbox 820 3243 950 3299; x_wconf 78' lang='lat' dir='ltr'>Iuldlbd.</span> <span class='ocrx_word' id='word_1_383' title='bbox 969 3243 1053 3308; x_wconf 87' lang='lat' dir='ltr'>Quare</span> <span class='ocrx_word' id='word_1_384' title='bbox 1061 3245 1104 3298; x_wconf 82' lang='lat' dir='ltr'>rel</span> <span class='ocrx_word' id='word_1_385' title='bbox 1114 3243 1163 3298; x_wconf 90' lang='lat' dir='ltr'>hoc</span> <span class='ocrx_word' id='word_1_386' title='bbox 1174 3246 1232 3316; x_wconf 90' lang='lat' dir='ltr'>ipso</span> <span class='ocrx_word' id='word_1_387' title='bbox 1244 3259 1313 3298; x_wconf 88' lang='lat' dir='ltr'>anno</span> 
     </span>
     <span class='ocr_line' id='line_1_36' title="bbox 148 3329 1313 3400; baseline 0.001 -19"><span class='ocrx_word' id='word_1_388' title='bbox 148 3329 189 3382; x_wconf 88' lang='lat' dir='ltr'>rel</span> <span class='ocrx_word' id='word_1_389' title='bbox 201 3329 337 3399; x_wconf 89' lang='lat' dir='ltr'>sequenti,</span> <span class='ocrx_word' id='word_1_390' title='bbox 349 3329 452 3383; x_wconf 86' lang='lat' dir='ltr'>labente</span> <span class='ocrx_word' id='word_1_391' title='bbox 464 3331 563 3384; x_wconf 90' lang='lat' dir='ltr'>scilicet</span> <span class='ocrx_word' id='word_1_392' title='bbox 574 3330 677 3400; x_wconf 89' lang='lat' dir='ltr'>Olymp.</span> <span class='ocrx_word' id='word_1_393' title='bbox 691 3345 759 3384; x_wconf 85' lang='lat' dir='ltr'>anno</span> <span class='ocrx_word' id='word_1_394' title='bbox 771 3329 869 3400; x_wconf 90' lang='lat' dir='ltr'>primo,</span> <span class='ocrx_word' id='word_1_395' title='bbox 880 3329 1017 3384; x_wconf 90' lang='lat' dir='ltr'>Persarum</span> <span class='ocrx_word' id='word_1_396' title='bbox 1028 3331 1165 3400; x_wconf 86' lang='lat' dir='ltr'>imperinm</span> <span class='ocrx_word' id='word_1_397' title='bbox 1177 3331 1242 3384; x_wconf 90' lang='lat' dir='ltr'>iniit.</span> <span class='ocrx_word' id='word_1_398' title='bbox 1259 3329 1313 3383; x_wconf 85' lang='lat' dir='ltr'>Nos</span> 
     </span>
     <span class='ocr_line' id='line_1_37' title="bbox 147 3414 1313 3493; baseline 0.001 -26"><span class='ocrx_word' id='word_1_399' title='bbox 147 3414 226 3467; x_wconf 84' lang='lat' dir='ltr'>certis</span> <span class='ocrx_word' id='word_1_400' title='bbox 236 3414 269 3468; x_wconf 89' lang='lat' dir='ltr'>de</span> <span class='ocrx_word' id='word_1_401' title='bbox 280 3415 367 3468; x_wconf 83' lang='lat' dir='ltr'>causis</span> <span class='ocrx_word' id='word_1_402' title='bbox 379 3431 476 3468; x_wconf 78' lang='lat' dir='ltr'>muurn</span> <span class='ocrx_word' id='word_1_403' title='bbox 485 3415 561 3470; x_wconf 76' lang='lat'>4155.</span> <span class='ocrx_word' id='word_1_404' title='bbox 574 3415 636 3484; x_wconf 82' lang='lat' dir='ltr'>Gyri</span> <span class='ocrx_word' id='word_1_405' title='bbox 645 3415 752 3493; x_wconf 80' lang='lat' dir='ltr'>exordio</span> <span class='ocrx_word' id='word_1_406' title='bbox 760 3415 939 3485; x_wconf 87' lang='lat' dir='ltr'>praefinimus.</span> <span class='ocrx_word' id='word_1_407' title='bbox 956 3416 1013 3468; x_wconf 89' lang='lat' dir='ltr'>lam</span> <span class='ocrx_word' id='word_1_408' title='bbox 1021 3431 1082 3469; x_wconf 82' lang='lat' dir='ltr'>uero</span> <span class='ocrx_word' id='word_1_409' title='bbox 1094 3417 1186 3481; x_wconf 85' lang='lat' dir='ltr'>Medis,</span> <span class='ocrx_word' id='word_1_410' title='bbox 1198 3417 1243 3486; x_wconf 91' lang='lat' dir='ltr'>qui</span> <span class='ocrx_word' id='word_1_411' title='bbox 1254 3416 1313 3468; x_wconf 90' lang='lat' dir='ltr'>Per-</span> 
     </span>
     <span class='ocr_line' id='line_1_38' title="bbox 147 3499 1314 3570; baseline 0.002 -18"><span class='ocrx_word' id='word_1_412' title='bbox 147 3515 191 3552; x_wconf 88' lang='lat' dir='ltr'>sas</span> <span class='ocrx_word' id='word_1_413' title='bbox 202 3505 414 3565; x_wconf 87' lang='lat' dir='ltr'>antecesserunt,</span> <span class='ocrx_word' id='word_1_414' title='bbox 427 3517 509 3554; x_wconf 89' lang='lat' dir='ltr'>annos</span> <span class='ocrx_word' id='word_1_415' title='bbox 521 3517 581 3554; x_wconf 84' lang='lat' dir='ltr'>cuns</span> <span class='ocrx_word' id='word_1_416' title='bbox 592 3500 708 3554; x_wconf 90' lang='lat' dir='ltr'>Diodoro</span> <span class='ocrx_word' id='word_1_417' title='bbox 721 3505 747 3553; x_wconf 87' lang='lat' dir='ltr'>et</span> <span class='ocrx_word' id='word_1_418' title='bbox 756 3499 844 3554; x_wconf 83' lang='lat' dir='ltr'>Ctesia</span> <span class='ocrx_word' id='word_1_419' title='bbox 855 3501 1016 3570; x_wconf 88' lang='lat' dir='ltr'>imputamus</span> <span class='ocrx_word' id='word_1_420' title='bbox 1029 3515 1144 3558; x_wconf 82' lang='lat' dir='ltr'>ooorrrr.</span> <span class='ocrx_word' id='word_1_421' title='bbox 1163 3500 1246 3564; x_wconf 86' lang='lat' dir='ltr'>Quare</span> <span class='ocrx_word' id='word_1_422' title='bbox 1258 3502 1314 3554; x_wconf 93' lang='lat' dir='ltr'>illo·</span> 
     </span>
     <span class='ocr_line' id='line_1_39' title="bbox 147 3585 1314 3656; baseline 0.002 -18"><span class='ocrx_word' id='word_1_423' title='bbox 147 3601 205 3638; x_wconf 86' lang='lat' dir='ltr'>rnsu</span> <span class='ocrx_word' id='word_1_424' title='bbox 221 3585 327 3640; x_wconf 86' lang='lat' dir='ltr'>initium</span> <span class='ocrx_word' id='word_1_425' title='bbox 338 3586 460 3640; x_wconf 84' lang='lat' dir='ltr'>convenit</span> <span class='ocrx_word' id='word_1_426' title='bbox 471 3602 539 3639; x_wconf 87' lang='lat' dir='ltr'>anno</span> <span class='ocrx_word' id='word_1_427' title='bbox 556 3603 611 3656; x_wconf 89' lang='lat' dir='ltr'>per.</span> <span class='ocrx_word' id='word_1_428' title='bbox 622 3585 671 3642; x_wconf 89' lang='lat' dir='ltr'>lul.</span> <span class='ocrx_word' id='word_1_429' title='bbox 684 3585 760 3642; x_wconf 87' lang='grc'><strong>3838.</strong></span> <span class='ocrx_word' id='word_1_430' title='bbox 787 3585 915 3650; x_wconf 83' lang='lat' dir='ltr'>Mundus,</span> <span class='ocrx_word' id='word_1_431' title='bbox 932 3593 963 3640; x_wconf 90' lang='lat' dir='ltr'>ut</span> <span class='ocrx_word' id='word_1_432' title='bbox 974 3588 1062 3656; x_wconf 90' lang='lat' dir='ltr'>opinio</span> <span class='ocrx_word' id='word_1_433' title='bbox 1073 3587 1124 3640; x_wconf 85' lang='lat' dir='ltr'>ieri</span> <span class='ocrx_word' id='word_1_434' title='bbox 1134 3593 1236 3652; x_wconf 85' lang='lat' dir='ltr'>nostre,</span> <span class='ocrx_word' id='word_1_435' title='bbox 1252 3602 1314 3640; x_wconf 88' lang='lat' dir='ltr'>con-</span> 
     </span>
     <span class='ocr_line' id='line_1_40' title="bbox 148 3669 1314 3742; baseline 0.002 -19"><span class='ocrx_word' id='word_1_436' title='bbox 148 3669 217 3723; x_wconf 89' lang='lat' dir='ltr'>ditus</span> <span class='ocrx_word' id='word_1_437' title='bbox 234 3676 276 3724; x_wconf 88' lang='lat' dir='ltr'>est</span> <span class='ocrx_word' id='word_1_438' title='bbox 292 3688 346 3741; x_wconf 88' lang='lat' dir='ltr'>per.</span> <span class='ocrx_word' id='word_1_439' title='bbox 363 3669 411 3724; x_wconf 91' lang='lat' dir='ltr'>lul.</span> <span class='ocrx_word' id='word_1_440' title='bbox 429 3669 487 3724; x_wconf 89' lang='grc'><strong>730.</strong></span> <span class='ocrx_word' id='word_1_441' title='bbox 510 3677 649 3737; x_wconf 85' lang='lat' dir='ltr'>autumno,</span> <span class='ocrx_word' id='word_1_442' title='bbox 671 3671 801 3741; x_wconf 87' lang='lat' dir='ltr'>siquidem</span> <span class='ocrx_word' id='word_1_443' title='bbox 823 3671 857 3724; x_wconf 90' lang='lat' dir='ltr'>ad</span> <span class='ocrx_word' id='word_1_444' title='bbox 874 3671 1064 3742; x_wconf 85' lang='lat' dir='ltr'>Dionysianum</span> <span class='ocrx_word' id='word_1_445' title='bbox 1081 3671 1177 3725; x_wconf 82' lang='lat' dir='ltr'>Christi</span> <span class='ocrx_word' id='word_1_446' title='bbox 1199 3672 1314 3726; x_wconf 74' lang='lat' dir='ltr'>natmem</span> 
     </span>
     <span class='ocr_line' id='line_1_41' title="bbox 148 3755 1314 3828; baseline 0.001 -20"><span class='ocrx_word' id='word_1_447' title='bbox 148 3771 232 3810; x_wconf 82' lang='lat' dir='ltr'>annos</span> <span class='ocrx_word' id='word_1_448' title='bbox 249 3757 283 3810; x_wconf 86' lang='lat' dir='ltr'>ab</span> <span class='ocrx_word' id='word_1_449' title='bbox 301 3757 363 3810; x_wconf 88' lang='lat' dir='ltr'>orbe</span> <span class='ocrx_word' id='word_1_450' title='bbox 380 3756 483 3810; x_wconf 89' lang='lat' dir='ltr'>condito</span> <span class='ocrx_word' id='word_1_451' title='bbox 500 3763 622 3827; x_wconf 89' lang='lat' dir='ltr'>putamus</span> <span class='ocrx_word' id='word_1_452' title='bbox 639 3757 693 3809; x_wconf 83' lang='lat' dir='ltr'>iere</span> <span class='ocrx_word' id='word_1_453' title='bbox 710 3755 785 3810; x_wconf 84' lang='grc'><strong>3483.</strong></span> <span class='ocrx_word' id='word_1_454' title='bbox 807 3756 908 3810; x_wconf 89' lang='lat' dir='ltr'>Accidit</span> <span class='ocrx_word' id='word_1_455' title='bbox 924 3758 1014 3828; x_wconf 85' lang='lat' dir='ltr'>itaque</span> <span class='ocrx_word' id='word_1_456' title='bbox 1030 3758 1157 3812; x_wconf 78' lang='lat' dir='ltr'>diluuium</span> <span class='ocrx_word' id='word_1_457' title='bbox 1174 3775 1243 3811; x_wconf 89' lang='lat' dir='ltr'>anno</span> <span class='ocrx_word' id='word_1_458' title='bbox 1259 3773 1314 3827; x_wconf 89' lang='lat' dir='ltr'>per.</span> 
     </span>
     <span class='ocr_line' id='line_1_42' title="bbox 147 3840 1314 3914; baseline 0.001 -20"><span class='ocrx_word' id='word_1_459' title='bbox 147 3840 195 3894; x_wconf 90' lang='lat' dir='ltr'>Iul.</span> <span class='ocrx_word' id='word_1_460' title='bbox 207 3840 292 3906; x_wconf 77' lang='lat'>2386..</span> <span class='ocrx_word' id='word_1_461' title='bbox 303 3841 395 3896; x_wconf 79' lang='lat' dir='ltr'>mundi</span> <span class='ocrx_word' id='word_1_462' title='bbox 408 3841 481 3897; x_wconf 79' lang='grc'><strong>1618.</strong></span> <span class='ocrx_word' id='word_1_463' title='bbox 507 3843 530 3896; x_wconf 89' lang='lat' dir='ltr'>A</span> <span class='ocrx_word' id='word_1_464' title='bbox 542 3859 594 3912; x_wconf 90' lang='lat' dir='ltr'>quo</span> <span class='ocrx_word' id='word_1_465' title='bbox 605 3842 639 3895; x_wconf 86' lang='lat' dir='ltr'>ad</span> <span class='ocrx_word' id='word_1_466' title='bbox 649 3842 787 3896; x_wconf 87' lang='lat' dir='ltr'>Persarum</span> <span class='ocrx_word' id='word_1_467' title='bbox 799 3842 936 3897; x_wconf 87' lang='lat' dir='ltr'>exordium</span> <span class='ocrx_word' id='word_1_468' title='bbox 948 3844 1010 3898; x_wconf 89' lang='lat' dir='ltr'>anni</span> <span class='ocrx_word' id='word_1_469' title='bbox 1021 3844 1179 3914; x_wconf 77' lang='lat' dir='ltr'>colliguntur</span> <span class='ocrx_word' id='word_1_470' title='bbox 1192 3843 1269 3909; x_wconf 86' lang='grc'><strong>1769,</strong></span> <span class='ocrx_word' id='word_1_471' title='bbox 1281 3842 1314 3895; x_wconf 89' lang='lat' dir='ltr'>ad</span> 
     </span>
     <span class='ocr_line' id='line_1_43' title="bbox 147 3927 1313 4000; baseline 0.002 -20"><span class='ocrx_word' id='word_1_472' title='bbox 147 3927 284 3980; x_wconf 85' lang='lat' dir='ltr'>Aiedorum</span> <span class='ocrx_word' id='word_1_473' title='bbox 298 3927 371 3983; x_wconf 75' lang='grc'><strong>1439.</strong></span> <span class='ocrx_word' id='word_1_474' title='bbox 400 3927 527 3991; x_wconf 85' lang='lat' dir='ltr'>Quocirca</span> <span class='ocrx_word' id='word_1_475' title='bbox 542 3928 578 3992; x_wconf 87' lang='lat' dir='ltr'>ei,</span> <span class='ocrx_word' id='word_1_476' title='bbox 594 3933 624 3980; x_wconf 91' lang='lat' dir='ltr'>ut</span> <span class='ocrx_word' id='word_1_477' title='bbox 638 3927 751 3982; x_wconf 89' lang='lat' dir='ltr'>Diodoro</span> <span class='ocrx_word' id='word_1_478' title='bbox 767 3933 794 3981; x_wconf 89' lang='lat' dir='ltr'>et</span> <span class='ocrx_word' id='word_1_479' title='bbox 804 3927 917 3983; x_wconf 83' lang='lat' dir='ltr'>Eusebio</span> <span class='ocrx_word' id='word_1_480' title='bbox 928 3931 1039 4000; x_wconf 89' lang='lat' dir='ltr'>placuit,</span> <span class='ocrx_word' id='word_1_481' title='bbox 1056 3929 1221 3998; x_wconf 87' lang='lat' dir='ltr'>Assyriorum</span> <span class='ocrx_word' id='word_1_482' title='bbox 1233 3929 1313 4000; x_wconf 75' lang='lat' dir='ltr'>impe</span> 
     </span>
     <span class='ocr_line' id='line_1_44' title="bbox 148 4011 1313 4084; baseline 0.003 -18"><span class='ocrx_word' id='word_1_483' title='bbox 148 4013 217 4066; x_wconf 89' lang='lat' dir='ltr'>rium</span> <span class='ocrx_word' id='word_1_484' title='bbox 228 4013 261 4066; x_wconf 90' lang='lat' dir='ltr'>ad</span> <span class='ocrx_word' id='word_1_485' title='bbox 273 4029 357 4066; x_wconf 88' lang='lat' dir='ltr'>annos</span> <span class='ocrx_word' id='word_1_486' title='bbox 372 4011 437 4066; x_wconf 89' lang='grc'><strong>1300</strong></span> <span class='ocrx_word' id='word_1_487' title='bbox 447 4019 622 4084; x_wconf 82' lang='lat' dir='ltr'>propagatum</span> <span class='ocrx_word' id='word_1_488' title='bbox 634 4019 685 4077; x_wconf 86' lang='lat' dir='ltr'>est,</span> <span class='ocrx_word' id='word_1_489' title='bbox 700 4013 793 4068; x_wconf 86' lang='lat' dir='ltr'>merito</span> <span class='ocrx_word' id='word_1_490' title='bbox 810 4013 868 4068; x_wconf 89' lang='lat' dir='ltr'>Beli</span> <span class='ocrx_word' id='word_1_491' title='bbox 879 4031 896 4068; x_wconf 88' lang='lat' dir='ltr'>a</span> <span class='ocrx_word' id='word_1_492' title='bbox 907 4017 983 4069; x_wconf 89' lang='lat' dir='ltr'>nobis</span> <span class='ocrx_word' id='word_1_493' title='bbox 995 4016 1100 4068; x_wconf 84' lang='lat' dir='ltr'>initium</span> <span class='ocrx_word' id='word_1_494' title='bbox 1111 4016 1233 4070; x_wconf 88' lang='lat' dir='ltr'>statuitur</span> <span class='ocrx_word' id='word_1_495' title='bbox 1244 4032 1313 4070; x_wconf 89' lang='lat' dir='ltr'>anno</span> 
     </span>
     <span class='ocr_line' id='line_1_45' title="bbox 147 4097 1313 4172; baseline 0.003 -22"><span class='ocrx_word' id='word_1_496' title='bbox 147 4103 210 4168; x_wconf 87' lang='lat' dir='ltr'>post</span> <span class='ocrx_word' id='word_1_497' title='bbox 219 4097 345 4152; x_wconf 79' lang='lat' dir='ltr'>diluuium</span> <span class='ocrx_word' id='word_1_498' title='bbox 356 4097 420 4162; x_wconf 83' lang='grc'><strong>153,</strong></span> <span class='ocrx_word' id='word_1_499' title='bbox 431 4099 523 4152; x_wconf 90' lang='lat' dir='ltr'>mundi</span> <span class='ocrx_word' id='word_1_500' title='bbox 533 4098 615 4164; x_wconf 89' lang='grc'><strong>1809,</strong></span> <span class='ocrx_word' id='word_1_501' title='bbox 626 4098 726 4169; x_wconf 88' lang='lat' dir='ltr'>periodi</span> <span class='ocrx_word' id='word_1_502' title='bbox 736 4099 853 4153; x_wconf 86' lang='lat' dir='ltr'>Iulianae</span> <span class='ocrx_word' id='word_1_503' title='bbox 861 4100 936 4155; x_wconf 78' lang='grc'><strong>9589.</strong></span> <span class='ocrx_word' id='word_1_504' title='bbox 953 4101 1069 4154; x_wconf 85' lang='lat' dir='ltr'>Indidem</span> <span class='ocrx_word' id='word_1_505' title='bbox 1078 4117 1139 4154; x_wconf 88' lang='lat' dir='ltr'>rero</span> <span class='ocrx_word' id='word_1_506' title='bbox 1151 4117 1313 4172; x_wconf 86' lang='lat' dir='ltr'>consequens</span> 
     </span>
     <span class='ocr_line' id='line_1_46' title="bbox 148 4182 1313 4256; baseline 0.002 -19"><span class='ocrx_word' id='word_1_507' title='bbox 148 4189 189 4237; x_wconf 87' lang='lat' dir='ltr'>est</span> <span class='ocrx_word' id='word_1_508' title='bbox 199 4199 298 4238; x_wconf 88' lang='lat' dir='ltr'>annum</span> <span class='ocrx_word' id='word_1_509' title='bbox 309 4183 423 4254; x_wconf 89' lang='lat' dir='ltr'>primum</span> <span class='ocrx_word' id='word_1_510' title='bbox 433 4182 491 4236; x_wconf 88' lang='lat' dir='ltr'>Beli</span> <span class='ocrx_word' id='word_1_511' title='bbox 507 4185 620 4238; x_wconf 71' lang='lat' dir='ltr'>naulem</span> <span class='ocrx_word' id='word_1_512' title='bbox 632 4185 757 4238; x_wconf 88' lang='lat' dir='ltr'>Abraami</span> <span class='ocrx_word' id='word_1_513' title='bbox 772 4186 926 4255; x_wconf 88' lang='lat' dir='ltr'>praecedere</span> <span class='ocrx_word' id='word_1_514' title='bbox 943 4187 1018 4240; x_wconf 88' lang='lat' dir='ltr'>annis</span> <span class='ocrx_word' id='word_1_515' title='bbox 1033 4186 1093 4256; x_wconf 83' lang='lat'>140,</span> <span class='ocrx_word' id='word_1_516' title='bbox 1111 4187 1135 4239; x_wconf 88' lang='lat' dir='ltr'>ei</span> <span class='ocrx_word' id='word_1_517' title='bbox 1152 4203 1233 4240; x_wconf 89' lang='lat' dir='ltr'>annos</span> <span class='ocrx_word' id='word_1_518' title='bbox 1249 4187 1313 4239; x_wconf 91' lang='lat' dir='ltr'>Belo</span> 
     </span>
     <span class='ocr_line' id='line_1_47' title="bbox 147 4269 1314 4341; baseline 0.003 -19"><span class='ocrx_word' id='word_1_519' title='bbox 147 4269 264 4339; x_wconf 87' lang='lat' dir='ltr'>quinque</span> <span class='ocrx_word' id='word_1_520' title='bbox 275 4273 303 4321; x_wconf 90' lang='lat' dir='ltr'>et</span> <span class='ocrx_word' id='word_1_521' title='bbox 313 4284 447 4338; x_wconf 80' lang='lat' dir='ltr'>exsgenos</span> <span class='ocrx_word' id='word_1_522' title='bbox 458 4269 593 4324; x_wconf 86' lang='lat' dir='ltr'>attribuas.</span> <span class='ocrx_word' id='word_1_523' title='bbox 610 4271 769 4326; x_wconf 86' lang='lat' dir='ltr'>Abraaruurn</span> <span class='ocrx_word' id='word_1_524' title='bbox 779 4271 890 4341; x_wconf 89' lang='lat' dir='ltr'>denique</span> <span class='ocrx_word' id='word_1_525' title='bbox 898 4287 950 4324; x_wconf 92' lang='lat' dir='ltr'>uon</span> <span class='ocrx_word' id='word_1_526' title='bbox 962 4287 1032 4324; x_wconf 88' lang='lat' dir='ltr'>anno</span> <span class='ocrx_word' id='word_1_527' title='bbox 1043 4271 1164 4338; x_wconf 75' lang='grc'><strong>1111143,</strong></span> <span class='ocrx_word' id='word_1_528' title='bbox 1176 4272 1221 4326; x_wconf 91' lang='lat' dir='ltr'>sed</span> <span class='ocrx_word' id='word_1_529' title='bbox 1231 4271 1314 4326; x_wconf 88' lang='lat' dir='ltr'>Semi-</span> 
     </span>
     <span class='ocr_line' id='line_1_48' title="bbox 147 4353 1312 4430; baseline 0.003 -23"><span class='ocrx_word' id='word_1_530' title='bbox 147 4353 256 4414; x_wconf 86' lang='lat' dir='ltr'>ramidis</span> <span class='ocrx_word' id='word_1_531' title='bbox 267 4353 309 4408; x_wconf 78' lang='lat'>23.</span> <span class='ocrx_word' id='word_1_532' title='bbox 320 4361 411 4410; x_wconf 86' lang='lat' dir='ltr'>natum</span> <span class='ocrx_word' id='word_1_533' title='bbox 422 4371 492 4420; x_wconf 88' lang='lat' dir='ltr'>esse,</span> <span class='ocrx_word' id='word_1_534' title='bbox 508 4372 570 4410; x_wconf 85' lang='lat' dir='ltr'>cum</span> <span class='ocrx_word' id='word_1_535' title='bbox 586 4356 641 4410; x_wconf 90' lang='lat' dir='ltr'>eius</span> <span class='ocrx_word' id='word_1_536' title='bbox 653 4363 725 4412; x_wconf 89' lang='lat' dir='ltr'>ortus</span> <span class='ocrx_word' id='word_1_537' title='bbox 737 4357 833 4411; x_wconf 84' lang='lat' dir='ltr'>incidat</span> <span class='ocrx_word' id='word_1_538' title='bbox 842 4358 871 4410; x_wconf 91' lang='lat' dir='ltr'>in</span> <span class='ocrx_word' id='word_1_539' title='bbox 883 4373 981 4410; x_wconf 88' lang='lat' dir='ltr'>annum</span> <span class='ocrx_word' id='word_1_540' title='bbox 992 4374 1009 4410; x_wconf 85' lang='lat' dir='ltr'>a</span> <span class='ocrx_word' id='word_1_541' title='bbox 1020 4357 1117 4413; x_wconf 76' lang='lat' dir='ltr'>dilutio</span> <span class='ocrx_word' id='word_1_542' title='bbox 1129 4359 1199 4424; x_wconf 76' lang='lat' dir='ltr'>isa,</span> <span class='ocrx_word' id='word_1_543' title='bbox 1216 4357 1312 4430; x_wconf 87' lang='lat' dir='ltr'>period.</span> 
     </span>
     <span class='ocr_line' id='line_1_49' title="bbox 146 4439 1403 4516; baseline 0.006 -23"><span class='ocrx_word' id='word_1_544' title='bbox 146 4439 472 4506; x_wconf 61' lang='lat' dir='ltr'>intermundiis&amp;</span> <span class='ocrx_word' id='word_1_545' title='bbox 489 4441 560 4495; x_wconf 80' lang='lat' dir='ltr'>lisso</span> <span class='ocrx_word' id='word_1_546' title='bbox 569 4441 601 4498; x_wconf 89' lang='lat' dir='ltr'>de</span> <span class='ocrx_word' id='word_1_547' title='bbox 609 4442 776 4511; x_wconf 86' lang='lat' dir='ltr'>Assyriorum</span> <span class='ocrx_word' id='word_1_548' title='bbox 783 4443 919 4499; x_wconf 84' lang='lat' dir='ltr'>interran</span> <span class='ocrx_word' id='word_1_549' title='bbox 927 4447 955 4497; x_wconf 90' lang='lat' dir='ltr'>et</span> <span class='ocrx_word' id='word_1_550' title='bbox 962 4443 1037 4500; x_wconf 87' lang='lat' dir='ltr'>initio</span> <span class='ocrx_word' id='word_1_551' title='bbox 1046 4445 1215 4516; x_wconf 85' lang='lat' dir='ltr'>proponenda</span> <span class='ocrx_word' id='word_1_552' title='bbox 1222 4444 1314 4509; x_wconf 89' lang='lat' dir='ltr'>modo;</span> <span class='ocrx_word' id='word_1_553' title='bbox 1340 4470 1361 4510; x_wconf 67' lang='lat' dir='ltr'>p.</span> <span class='ocrx_word' id='word_1_554' title='bbox 1370 4457 1403 4502; x_wconf 86' lang='lat' dir='ltr'>ra.</span> 
     </span>
    </p>

    <p class='ocr_par' dir='ltr' id='par_1_5' title="bbox 65 4524 538 4610">
     <span class='ocr_line' id='line_1_50' title="bbox 65 4524 538 4598; baseline 0 -18"><span class='ocrx_word' id='word_1_555' title='bbox 65 4576 72 4598; x_wconf 65' lang='grc'><strong>,</strong></span> <span class='ocrx_word' id='word_1_556' title='bbox 148 4527 210 4582; x_wconf 85' lang='lat' dir='ltr'>alibi</span> <span class='ocrx_word' id='word_1_557' title='bbox 220 4524 358 4598; x_wconf 82' lang='lat' dir='ltr'>probanda</span> <span class='ocrx_word' id='word_1_558' title='bbox 367 4526 445 4580; x_wconf 87' lang='lat' dir='ltr'>nohis</span> <span class='ocrx_word' id='word_1_559' title='bbox 456 4533 538 4581; x_wconf 80' lang='lat' dir='ltr'>erunt</span> 
     </span>
    </p>
   </div>
   <div class='ocr_carea' id='block_1_3' title="bbox 0 0 1592 5044">
    <p class='ocr_par' dir='ltr' id='par_1_6' title="bbox 0 0 1592 5044">
     <span class='ocr_line' id='line_1_51' title="bbox 0 0 1592 5044; baseline 0 0"><span class='ocrx_word' id='word_1_560' title='bbox 0 0 1592 5044; x_wconf 95' lang='lat' dir='ltr'> </span> 
     </span>
    </p>
   </div>
  </div>
 </body>
</html>
