3166 5044
277 273 305 330 X

345 427 460 499 ΠεριίστγΙ
478 426 506 480 at
523 424 537 478 ὅ
555 425 642 498 ἀγὼν]
670 427 752 482 Scrib.
764 431 795 481 ut
805 432 845 482 eat
853 428 880 481 in
891 427 989 498 Regio,
1007 423 1075 480 αίδνν.
1101 427 1142 481 Ab
1154 425 1253 480 Adamo
1266 423 1394 480 etl'l'hm
1405 441 1441 478 ax

277 513 355 584 γενεαί
371 519 445 580 sunt,
463 513 525 583 quia
541 512 641 566 (lainan
656 515 684 566 in
700 529 838 566 numerum
849 514 927 567 uenit
953 513 1006 568 Eae
1022 512 1160 583 colligunt,
1177 517 1207 564 nt
1222 511 1264 566 hic
1281 511 1441 582 Epiphanius

277 600 386 665 indicat,
397 615 481 652 annes
492 597 568 653 3332.
594 599 690 670 Reipsu
701 607 803 664 autem,
814 617 848 652 cx
860 617 914 652 urx
923 599 1064 652 Saniorum
1076 599 1200 664 editione,
1213 613 1296 652 annes
1305 595 1380 650 3364.
1402 595 1441 650 eb

276 686 376 739 Adamo
387 685 420 738 ed
432 685 558 738 dilnvium
570 701 650 755 snpra
661 686 791 738 numerati
802 691 864 738 eunt
875 684 950 739 2262.
977 685 1044 737 Hinc
1055 685 1088 738 ad
1100 683 1184 738 Thare
1200 689 1287 738 ortum
1304 683 1366 736 anni
1381 687 1443 734 sunt

279 772 352 826 1102.
371 769 451 824 Fiunt
462 769 607 826 anni33iid.
626 770 710 835 Quare
722 772 797 826 annis
808 771 896 825 minue
904 770 938 824 32
949 769 1016 824 dixit
1027 770 1195 842 Epiphanius.
1214 770 1279 824 Vide
1290 773 1442 840 sequentem

275 873 422 913 numerum.

344 941 429 1005 Ἐξότε
441 940 545 1014 bledla]
572 943 667 998 Suidas
678 943 706 997 iu
718 943 823 1014 Σεροὺχ,
851 941 975 996 ’Ἐντεῦθεν
991 941 1088 1013 delude
1100 941 1116 1008 ἡ
1129 941 1246 994 πολυβεία
1262 941 1301 994 καί
1312 939 1329 1008 ἡ
1341 939 1443 993 εἰδωλο-

276 1029 388 1100 λατριία,
406 1033 480 1081 τοῦτο
492 1029 518 1082 δὲ
531 1029 630 1099 διέμεινε
642 1029 699 1101 παρ’
712 1028 795 1090 αὐτοῖς
808 1028 881 1100 μέχρι
892 1031 941 1081 τῶν
953 1030 1052 1100 χρόνων
1064 1026 1150 1098 Θίιῤῥα
1162 1031 1205 1080 τοῦ
1218 1027 1309 1099 πατρὸς
1321 1024 1441 1099 Ἀβραάμ·

275 1110 306 1182 ἦν
318 1115 365 1186 γὰρ
377 1113 592 1186 ἀγαλματοποιὸς,
605 1111 653 1166 αἰπίι
667 1115 791 1186 διαφόρων
803 1113 870 1166 ὑλῶν
883 1113 975 1174 εἰκόνας
988 1112 1150 1185 ἐργαζόμενος
1162 1120 1210 1168 etc.

344 1201 375 1254 N.
393 1219 439 1256 vn.
463 1200 503 1253 καλ
520 1199 648 1271 μετέπειτα
664 1199 872 1267 ἔβεοποιήσαντο.]
900 1200 975 1254 Haud
992 1201 1139 1254 absimilem
1156 1199 1284 1254 idolorum
1301 1214 1442 1270 eorumque

196 1316 199 1324 ·
276 1287 361 1342 cultus
375 1287 504 1358 originem
515 1287 586 1339 disce
597 1304 632 1340 ex
643 1287 687 1340 lib.
700 1286 849 1357 Sapientiae
861 1301 916 1356 cap.
929 1303 982 1340 κεν.
995 1286 1130 1340 Lactantio
1142 1287 1188 1340 lib.
1197 1305 1220 1352 1,
1233 1303 1289 1357 cap.
1299 1304 1354 1340 κεν.

188 1399 209 1441 p.
220 1391 249 1430 tu
343 1369 448 1426 Ἔπειτα
460 1371 486 1424 δὲ
498 1369 612 1438 ἀκινάκην
625 1371 756 1441 σέβοντες]
783 1373 895 1425 Martem
906 1372 1035 1442 imprimis
1048 1371 1151 1425 coluere
1164 1371 1288 1442 Scythae,
1301 1371 1374 1424 ouius
1386 1369 1442 1424 effi·

275 1461 333 1530 gies
350 1463 406 1512 erat
420 1459 539 1512 acinaces
551 1457 663 1523 lenens,
680 1458 719 1510 ait
728 1457 874 1511 Herodotus
885 1458 929 1512 lib.
942 1475 977 1512 ru.
1002 1458 1068 1512 Huic
1086 1459 1212 1528 templum
1225 1475 1259 1512 ex
1270 1457 1443 1528 uirgultorum

275 1545 407 1598 fasciculis
419 1544 587 1610 extruebant,
600 1545 645 1598 nbi
657 1549 683 1597 et
695 1544 811 1616 captivos
823 1545 980 1598 mactabant
1008 1543 1060 1597 Sed
1072 1545 1197 1614 quoniam
1208 1545 1236 1597 in
1248 1559 1309 1596 eum
1321 1543 1444 1596 Herodoti

275 1631 362 1684 locum
377 1630 527 1695 incidimus,
545 1630 628 1684 obiter
642 1629 685 1684 hic
702 1647 718 1683 a
735 1631 811 1684 nobis
829 1629 1004 1684 emendandus
1022 1634 1100 1699 atque
1111 1630 1282 1684 illustrandus
1294 1629 1350 1684 erit.
1378 1628 1444 1681 Oum

276 1717 404 1788 tempium
422 1716 486 1770 illud
504 1716 626 1770 describit
641 1731 702 1786 pag.
719 1716 775 1771 152.
794 1715 831 1770 ait
848 1721 1039 1769 sarmentorum
1056 1715 1089 1768 ab
1106 1715 1157 1768 iliis
1175 1715 1260 1770 fasces
1277 1713 1442 1784 comportari,

277 1803 483 1872 exaggerarique
495 1799 533 1854 tet
545 1801 651 1861 σταδίοις
663 1805 726 1872 τρεῖς
739 1805 816 1871 μῆκος
828 1801 869 1853 καλ
880 1795 961 1872 είίρος,
979 1801 1040 1872 δψος
1054 1800 1080 1853 δὲ
1092 1798 1211 1854 ἔλασσονε
1230 1804 1396 1870 longitudinis
1407 1803 1446 1852 od

276 1891 364 1940 madio
376 1893 437 1953 trie,
450 1890 550 1940 taudem
562 1889 713 1951 latitudinis,
727 1889 835 1939 altitudo
846 1906 905 1940 vcro
915 1892 1003 1942 minor.
1023 1887 1114 1940 Nonne
1128 1889 1241 1942 otiosum
1253 1895 1294 1940 est
1305 1886 1443 1940 &mouere

277 1974 405 2027 minorem
418 1974 501 2026 tribus
515 1973 604 2025 stadiis
616 1972 781 2025 altitudinem
792 1972 893 2025 fuisse?
920 1972 983 2035 Quis
1001 1979 1055 2025 tam
1066 1975 1117 2026 alte
1130 1980 1243 2028 erectum
1255 1973 1390 2025 cumulum
1401 1987 1443 2024 su·

276 2060 372 2129 spicari
383 2063 489 2129 posset?
515 2057 595 2110 Plane
606 2058 687 2128 igitur
699 2058 838 2112 mendosus
850 2056 892 2110 hic
904 2059 977 2111 locus
989 2063 1041 2123 est,
1054 2063 1080 2110 et
1089 2059 1186 2129 pedum
1198 2059 1380 2112 cubitorumne
1390 2073 1443 2110 cer-

276 2151 319 2196 tus
332 2143 405 2196 deest
415 2143 522 2208 modus,
535 2159 587 2213 quo
599 2143 726 2196 minorem
738 2143 820 2197 inisse
832 2144 1062 2214 exaggerationem
1074 2145 1148 2198 iiiam
1159 2146 1305 2215 scripserat.
1328 2143 1368 2196 Ad
1379 2142 1443 2196 haec

276 2229 355 2298 panio
372 2234 446 2293 ante,
463 2245 524 2285 cum
539 2229 726 2282 sacrificiorum
742 2231 872 2283 rationem
889 2230 1001 2300 explicat
1012 2245 1042 2282 ac
1055 2230 1274 2300 quemadmodum
1285 2229 1384 2282 hostias
1396 2229 1444 2282 im·

277 2313 419 2378 motarent,
432 2313 559 2384 quaedam
571 2315 694 2388 leguntur
705 2316 800 2385 partim
812 2317 845 2368 ab
857 2316 1040 2386 interpretibus
1054 2315 1185 2386 ignorata,
1201 2317 1296 2386 partim
1314 2321 1443 2386 corrupta.

278 2398 314 2450 Tb
331 2397 374 2468 μὶν
391 2397 467 2470 ipsiius
485 2398 545 2451 αὐτὸ
563 2397 771 2470 ἐμπεποδισμένον
788 2401 845 2462 τοὺς
863 2402 908 2452 δύο
925 2401 1003 2462 πόδας
1021 2401 1077 2462 τοὺς
1094 2399 1256 2472 ἐμπροσθίους
1274 2401 1366 2468 ἕστηκε·
1386 2397 1400 2452 ὁ
1418 2400 1444 2453 δὲ

279 2483 343 2536 θύων
356 2480 453 2537 ὄπισθεν
465 2489 509 2537 τοῦ
521 2485 619 2552 κτήνεος
631 2483 721 2554 ἑστὼς,
739 2483 834 2548 σπάσας
852 2485 894 2554 τὴν
909 2484 987 2558 ἀρχὴν
999 2491 1043 2562 topi
1056 2487 1165 2556 στρόφου
1177 2486 1326 2556 καταβάλλει
1339 2503 1386 2556 μιν
1405 2485 1444 2536 πί-

273 2587 381 2638 πτοντος
398 2569 425 2623 δὲ
441 2575 484 2624 τοῦ
501 2565 580 2641 ἱρηίου
595 2567 715 2622 ίπικαλίει
731 2571 773 2623 τὸν
786 2571 848 2642 debu,
865 2576 902 2642 τῷ
918 2572 945 2623 δν
959 2573 1011 2642 δίῃ·
1025 2591 1065 2624 και
1076 2569 1159 2623 ἔπειτα
1171 2571 1258 2644 βρόχῳ
1270 2571 1360 2642 περιὼν
1372 2569 1444 2640 ἔβαλε

277 2656 320 2708 τὸν
333 2655 438 2727 utplus:
454 2657 565 2710 Victima
576 2661 635 2728 ι’ρεσ
642 2659 800 2727 primoribus
811 2659 923 2726 alligato
929 2659 1038 2728 pedibus
1048 2663 1155 2712 autur.
1174 2657 1250 2711 Cuius
1262 2679 1279 2710 o
1292 2669 1361 2727 tergo
1373 2667 1445 2709 atone

277 2745 452 2812 πασκιζόονίιιν,
462 2748 538 2812 sunus
553 2753 688 2796 aetremum
705 2743 809 2796 uolens
821 2745 945 2814 pecudem
953 2747 1101 2814 prosternit.
1127 2745 1189 2798 Moe
1201 2763 1232 2797 aa
1245 2746 1351 2796 cudente
1362 2743 1444 2796 Deum

276 2829 347 2882 illum
364 2834 511 2883 ποικίπσίίικ
526 2834 642 2893 inuocat,
660 2833 703 2881 cui
719 2847 800 2882 sacra
809 2833 889 2898 jacit.
913 2829 978 2883 Iuda
994 2831 1082 2899 lopueo
1100 2832 1189 2882 collum
1206 2831 1350 2883 circundat.
1373 2827 1443 2882 Haec

277 2915 358 2968 uerba
368 2913 463 2976 σπάσας
476 2914 519 2981 τὴν
531 2911 609 2986 ἀρχὴν
621 2919 666 2967 τοῦ
679 2917 787 2986 στρόφου
798 2915 953 2970 Laurentius
970 2931 1107 2986 perperam
1119 2916 1208 2980 vertit3
1224 2926 1308 2968 amota
1320 2919 1445 2984 imprimis

277 3001 369 3068 inficio.
392 3001 447 3054 Ista
457 3017 519 3054 uero
536 3001 626 3070 περιὼν
643 2997 715 3070 ἔβαλε
731 3001 773 3053 τδν
790 2999 883 3072 αὐχένα
894 3003 989 3056 uitiosa
1005 3007 1074 3057 sunt.
1098 3001 1188 3054 Scribe
1200 3001 1254 3071 περί
1267 2993 1301 3051 ὤν
1313 2997 1385 3069 ἔβαλε
1395 3015 1443 3070 pro

279 3084 419 3155 περιέβαλεγ
432 3086 501 3155 quod
513 3085 630 3139 lonicum
642 3091 689 3141 est.
717 3086 761 3140 Sic
773 3087 836 3140 aiibi
848 3087 901 3139 κατ’
914 3081 948 3138 ὧν
961 3085 1078 3158 ludicris:
1092 3095 1118 3140 et
1129 3085 1223 3157 κατίμε
1235 3084 1381 3156 ἐφάρμαξας.
1404 3085 1444 3138 De

277 3172 390 3224 Aeinaee
400 3171 459 3224 ride
470 3171 677 3224 Alexandrinum
689 3171 849 3226 Clementem
860 3174 888 3228 in
899 3173 1072 3244 Protreptico‚
1084 3173 1228 3226 Luciannm
1240 3171 1267 3224 in
1280 3171 1385 3226 Toxari.

346 3251 419 3316 Ἐξοῦ
435 3256 463 3307 rb
480 3255 548 3324 γένος
566 3255 696 3326 κατάγεται
713 3257 843 3328 Φρυγῶν]
867 3257 1045 3312 AThracibus
1063 3259 1190 3328 originem
1207 3265 1309 3311 traxere
1320 3257 1443 3326 Phryges.

278 3341 413 3396 Dardanus
426 3347 494 3394 certe
505 3343 619 3412 primum
629 3341 657 3395 in
669 3341 849 3396 Samothracia
860 3344 987 3408 consedit,
999 3344 1067 3396 unde
1080 3345 1107 3396 in
1116 3343 1257 3414 Phrygiam
1265 3344 1374 3397 traiecit
1391 3343 1444 3396 Sed

278 3435 305 3481 et
321 3445 338 3480 a
352 3427 450 3481 Moesis
462 3427 504 3480 rei
519 3427 602 3497 Mysis
618 3429 745 3499 Europeis
762 3428 853 3498 Mysos
871 3429 999 3483 Asiaticos
1015 3437 1174 3500 propagatos
1191 3437 1317 3483 asserunt
1343 3429 1445 3482 Diserte

278 3513 392 3583 idipsum
405 3513 498 3567 Strabo
510 3514 555 3566 lib.
567 3531 592 3567 x.
609 3514 650 3566 καί
667 3513 712 3566 οὖν
729 3515 826 3576 ἀπεικός
838 3533 878 3585 γε,
896 3515 978 3586 ὥσπερ
997 3515 1067 3567 αὖτοί
1085 3514 1107 3566 oi
1119 3515 1216 3586 Φρύγες
1229 3515 1333 3587 θρρκῶν
1346 3511 1444 3567 ἄποικοί

279 3597 336 3668 τίσι,
350 3599 416 3652 οὕτω
429 3599 469 3650 καί
480 3599 510 3650 τὰ
521 3597 572 3669 ἱερὰ
584 3597 671 3652 ἐκεῖθεν
684 3600 862 3670 μετενηνέχθαι.
1437 3617 1441 3624 ·

347 3683 499 3754 Μετηνίχόαι
511 3683 537 3736 ot
549 3689 626 3738 ταῦτα
637 3684 668 3746 είς
680 3683 827 3753 Ἕλληνας]
846 3687 942 3742 Euseb.
955 3689 982 3740 in
995 3687 1122 3742 Chronico
1134 3688 1164 3740 A.
1178 3703 1319 3744 cctcuxrv.
1342 3687 1445 3742 Primae

280 3771 390 3840 Cecrope
401 3771 485 3822 bouem
496 3773 628 3824 immolare
640 3773 724 3824 Iouem
737 3775 887 3842 appellauit.

346 3855 392 3908 ilai
403 3849 433 3922 ἦν
446 3854 488 3925 μὲν
501 3855 564 3908 κατὰ
575 3862 662 3908 τοῦτον
673 3856 716 3908 τίεν
729 3859 834 3928 καιρόν]
857 3859 1016 3912 Abraamnm
1033 3877 1101 3914 anno
1118 3859 1179 3914 Nini
1195 3879 1262 3914 xum
1279 3865 1370 3913 natum
1385 3877 1443 3913 esse

279 3943 367 3996 docuit
376 3943 404 3995 in
416 3940 550 3995 chronicis
562 3941 704 4008 Eusebius,
719 3943 797 4013 idque
808 3943 919 4013 posteris
932 3947 1053 4000 omnibus
1065 3948 1201 4017 persuasit.
1235 3945 1302 3999 Nam
1314 3963 1391 3999 nemo
1404 3951 1445 3999 eat

278 4033 394 4080 ueterum
405 4033 467 4097 post
477 4027 632 4092 Eusebium,
649 4029 693 4098 qui
710 4045 763 4082 non
778 4046 826 4100 pro
843 4035 913 4084 certe
924 4031 950 4083 id
963 4030 1082 4085 habuerit
1093 4049 1123 4086 ac
1134 4039 1258 4102 tanquam
1270 4030 1443 4084 inaudesceret

278 4109 356 4182 ἀρχὴν
369 4111 560 4184 Chronologiae
571 4129 634 4166 suae
646 4114 804 4183 praefixerit.
828 4113 880 4168 Sed
891 4117 918 4168 in
929 4117 1076 4188 digerendis
1091 4120 1255 4187 Assyriorum
1266 4135 1296 4172 uc
1307 4117 1443 4171 Medorum

278 4197 421 4250 intervallis
432 4199 516 4252 uariat
527 4200 662 4252 Eusebius.
683 4199 712 4252 ln
724 4202 866 4270 posteriore
876 4201 1065 4257 Chronicorom
1073 4205 1147 4268 libro,
1161 4205 1205 4274 qui
1217 4221 1300 4258 annos
1312 4221 1443 4275 expansos

278 4283 466 4352 complectitur,
478 4286 511 4338 ab
525 4293 582 4340 ortu
594 4286 730 4350 Abraami,
748 4303 825 4356 quem
837 4288 892 4340 vult
903 4305 961 4342 esse
973 4289 1034 4342 Nini
1045 4307 1125 4356 xnru,
1143 4291 1175 4342 ad
1191 4291 1361 4359 Sardanapali
1375 4305 1443 4343 mor·

279 4373 332 4422 tem
344 4369 406 4421 anni
418 4375 479 4422 eunt
490 4387 534 4424 oro
548 4387 636 4426 exart.
662 4371 763 4425 Additis
776 4372 837 4426 Nini
848 4391 912 4438 xurr,
926 4375 970 4443 qui
983 4375 1105 4428 Abraami
1117 4377 1231 4430 natalem
1242 4375 1405 4441 antecedunt,
1417 4381 1444 4428 et

278 4451 337 4507 Beli
348 4471 399 4508 cxv
412 4455 486 4524 (alibi
498 4473 531 4508 nv
542 4457 612 4510 idem
623 4463 699 4512 autor
710 4459 854 4528 numerat),
871 4461 988 4514 confiunt
1004 4461 1067 4514 anni
1079 4476 1122 4519 oto
1136 4477 1234 4528 eccm,
1251 4463 1346 4533 quibus
1363 4463 1443 4530 Assy-

278 4539 376 4594 riorum
387 4539 538 4595 monarchia
549 4544 639 4596 tenuit.
662 4543 812 4614 Sequuntur
823 4545 906 4602 Medi:
924 4545 1019 4614 quibua
1031 4563 1114 4602 annes
1126 4549 1239 4621 imputat
1250 4563 1328 4603 cour.
1353 4547 1443 4617 ltaque
