3138 5044
300 253 374 312 CXX

299 412 344 465 nbi
356 411 387 464 de
399 427 468 466 anno
479 409 591 482 Hegirae
607 409 723 474 disserit,
740 385 990 474 Coutumacahcimur,
1007 409 1103 480 inquit,
1119 409 1161 462 hic
1174 427 1256 464 aumas
1264 419 1316 474 eet,
1334 413 1461 480 newsu-

300 499 348 549 ciie
359 500 428 550 redit
437 501 464 549 im
474 501 590 564 qratiam
602 515 657 548 cum
669 515 735 549 anuo
748 496 798 548 Iul.
808 505 855 550 etc.
879 495 966 557 Quare
978 497 1049 548 auita
1060 495 1189 549 methodus
1200 495 1259 548 ttae
1272 499 1364 566 confici
1371 506 1461 566 ptest.

199 573 202 580 ¹
303 581 390 636 Tutior
401 602 496 651 macca
504 585 639 652 periodus,
660 581 766 642 QUAM
781 580 972 633 EXCOGITA
981 581 1050 634 VIM
1054 580 1104 646 Ua,
1122 599 1245 634 auuomm
1256 580 1326 646 228,
1339 583 1462 634 ermende-

299 672 453 721 caetcridum
466 669 604 722 duodecim.
637 667 671 720 At
680 667 698 718 l.
708 685 732 718 V.
743 683 769 736 p.
778 665 849 730 485„
867 667 913 719 ubi
924 665 956 718 de
967 665 1059 720 eodem
1070 683 1138 720 anno
1150 667 1273 737 loquitur,
1291 668 1410 731 Arcam,
1425 668 1463 720 in-

299 755 367 824 quit,
384 755 524 821 Herpa-reni
534 755 668 824 periodum
685 751 740 804 228
753 771 876 804 annorum
892 751 998 804 INSTI
1001 753 1024 803 T
1026 751 1179 805 UERUNT
1192 771 1223 805 ee
1241 773 1266 808 u.
1280 755 1306 808 d.
1318 770 1359 808 ιιι.
1372 754 1463 805 Iduum

298 841 465 893 demutamur·
474 840 639 908 Corrsurionie,
653 840 723 906 cyclo
735 840 811 890 turrae
820 855 885 902 ιιι,
896 839 957 890 eolis
966 855 1010 893 xx.
1027 837 1062 890 Et
1069 839 1147 909 paulo
1159 842 1230 909 post:
1247 839 1386 908 §implicem
1399 843 1463 890 emar

293 928 428 996 periodum
445 925 598 988 tabuerunt,
615 927 734 976 minorem
752 941 806 977 xxx
824 941 945 976 canorum
962 925 1111 989 notatarum,
1129 928 1249 977 mumrem
1258 923 1314 976 210
1328 943 1463 989 annorum,

298 1016 435 1064 mnm'rrram
452 1010 508 1062 228
524 1029 646 1063 annorum
662 1011 796 1074 solarium,
813 1009 867 1060 235
883 1019 965 1062 autem
977 1010 1161 1072 Arabicarum,
1178 1029 1228 1078 qaeu
1244 1009 1401 1062 Muturram
1414 1028 1464 1080 per

299 1106 373 1149 tolum
386 1103 523 1148 conlectum
536 1101 599 1148 currui
609 1097 704 1148 sclaria
715 1103 825 1163 capatus
836 1097 904 1148 redit
916 1097 953 1147 ud
967 1097 1071 1148 caudae
1084 1096 1157 1148 diem.
1192 1093 1265 1148 Idem
1280 1099 1307 1148 at
1321 1095 1350 1148 in
1365 1095 1412 1148 lib.
1424 1113 1463 1152 m

299 1182 367 1252 leeg.
381 1181 444 1236 Can.
456 1182 555 1251 repetit
579 1181 647 1244 Quid
657 1179 706 1233 hoc
718 1179 823 1234 homine
834 1181 929 1244 iacias,
946 1186 992 1232 aut
1009 1197 1088 1250 quam
1104 1181 1128 1232 ci
1144 1168 1249 1234 demum
1263 1179 1363 1233 habens
1374 1180 1463 1245 fidem,

299 1283 348 1320 sua
358 1285 386 1320 se
398 1268 453 1338 ipse
465 1267 627 1320 confessione
639 1271 692 1318 tam
704 1272 793 1335 aperte
805 1282 835 1318 ac
846 1266 934 1336 palam
944 1265 1042 1330 induit,
1058 1270 1089 1318 ut
1104 1266 1178 1320 cuius
1189 1266 1252 1320 anni
1262 1265 1363 1320 iormee
1375 1283 1407 1319 ac
1419 1275 1463 1336 pe
1558 1317 1559 1336 2

299 1353 364 1405 riodi
376 1354 536 1405 inventorem
548 1369 576 1404 se
588 1351 661 1415 dicit,
674 1367 731 1404 eam
744 1353 828 1420 ipsam
836 1349 1021 1404 uetustissimis
1033 1351 1193 1421 temporibus
1205 1352 1232 1405 in
1243 1367 1293 1404 usu
1304 1351 1388 1406 inisse
1401 1368 1463 1405 con·
1558 1359 1559 1402 l

298 1438 402 1491 iimret?
426 1437 478 1490 Sed
490 1453 521 1490 ea
532 1436 597 1490 mihi
607 1437 676 1489 levia
686 1453 716 1489 ac
728 1437 874 1490 tolerabilia
882 1435 1009 1502 ridentur,
1026 1453 1085 1490 cum
1101 1436 1134 1488 ad
1145 1435 1198 1488 alia
1208 1437 1331 1506 respicio,
1349 1453 1420 1507 quae
1437 1438 1463 1490 iu
1558 1433 1559 1484 ἶ

299 1529 408 1594 utroque
420 1525 464 1576 illo
477 1539 553 1592 opere
564 1527 673 1586 lemare,
690 1522 867 1574 inconstanter
883 1538 914 1574 ac
925 1523 982 1574 sine
994 1527 1083 1574 autore
1094 1522 1148 1575 ullo
1159 1523 1259 1592 passim
1270 1520 1378 1586 adudit,
1395 1539 1464 1593 quae
1558 1519 1559 1544 ³

300 1627 347 1662 nos
361 1609 442 1674 brevi,
455 1610 478 1661 si
487 1608 607 1661 dominus
619 1607 728 1672 dederit,
738 1608 765 1660 in
774 1607 860 1660 lucem
869 1613 1039 1677 apertumque
1048 1607 1221 1677 proteramus,
1233 1613 1262 1660 ut
1270 1607 1316 1677 qui
1327 1607 1464 1662 chronolo-
1558 1635 1559 1680 p

299 1696 363 1764 gicis
375 1695 492 1748 iurabas
504 1694 580 1746 deum
592 1693 667 1746 illum
678 1691 865 1764 propemodum
876 1693 985 1757 iaciunt,
1001 1691 1066 1745 nihil
1077 1693 1164 1762 ipsam
1175 1693 1208 1745 ad
1219 1709 1277 1746 eam
1288 1709 1343 1746 rem
1356 1679 1465 1764 ¹praeter
1558 1689 1559 1764 ]

298 1781 395 1834 lustum
412 1785 438 1832 et
453 1779 629 1850 arrogantiam
646 1779 765 1830 attulisse
783 1778 892 1832 discant.
927 1776 1061 1830 Postremo
1079 1778 1207 1848 quam'in
1224 1777 1379 1832 Antiocheui
1400 1781 1465 1832 anni
1558 1767 1559 1816 Ῑ

298 1866 396 1936 epocha
407 1865 520 1918 hominis
533 1864 735 1917 inconstantiam
747 1863 871 1927 vidimus,
889 1862 999 1916 eandem
1015 1863 1043 1916 in
1058 1863 1203 1934 Hagarenis
1220 1869 1246 1916 ct
1257 1864 1375 1916 Arabicis
1390 1863 1465 1918 hisce
1558 1867 1559 1914 t

297 1953 409 2021 periodis
422 1953 487 2004 scito
501 1967 558 2002 esse
575 1951 750 2004 commissam.
783 1949 849 2002 Nam
861 1949 877 2001 l.
890 1967 918 2002 11.
931 1948 962 2001 de
973 1948 1081 2002 Emend.
1093 1967 1119 2019 p.
1130 1949 1186 2002 116.
1203 1954 1230 2002 et
1240 1950 1257 2004 l.
1268 1967 1292 2002 u.
1309 1965 1335 2019 p.
1344 1948 1405 2003 485.
1419 1967 1465 2020 pu-

298 2037 399 2089 rlodum
416 2037 582 2106 Hagarenam
599 2036 632 2088 ab
648 2051 716 2087 auno
733 2034 789 2104 ipso
802 2033 980 2099 Coniusinnis,
998 2035 1043 2104 qui
1058 2035 1177 2106 proxime
1195 2033 1242 2089 lul.
1258 2035 1374 2105 primum
1389 2041 1464 2088 nute-

298 2123 388 2186 cessit,
404 2123 502 2174 Arabes
520 2120 655 2174 inchoasse
671 2120 761 2183 tradit,
778 2137 831 2189 per.
848 2120 895 2172 lul.
905 2119 980 2172 4668.
1003 2119 1033 2172 lu
1045 2119 1115 2191 Isag.
1128 2137 1189 2174 uero
1202 2119 1299 2174 Cenon.
1311 2121 1328 2174 l.
1339 2139 1380 2174 ux.
1392 2137 1416 2172 c.
1427 2139 1463 2174 ιι.

298 2225 323 2275 p.
333 2205 390 2258 935.
402 2207 502 2276 periodi
513 2205 590 2258 huius
603 2202 728 2275 epocham
740 2206 849 2258 eandem
866 2222 924 2258 csse
936 2205 1012 2258 docet
1022 2221 1101 2276 quam
1113 2211 1140 2258 et
1150 2203 1364 2259 Antiochensium
1376 2221 1463 2270 acme,

298 2290 347 2343 hoc
363 2299 403 2344 est
418 2293 451 2344 ab
468 2308 537 2344 anno
554 2291 638 2362 primo
654 2289 819 2344 monarchiae
836 2291 895 2344 Iulii
912 2289 1042 2357 Caesada,
1057 2307 1112 2362 per.
1125 2290 1270 2356 inlucet,
1288 2305 1354 2360 quae
1370 2307 1462 2345 seeum
1492 2338 1500 2358 ,
1558 2307 1559 2348 l

297 2377 432 2447 perspicue
445 2386 570 2446 pugnant.
1558 2361 1559 2374 ¹

366 2461 418 2514 Sed
434 2461 475 2514 his
493 2463 570 2532 nugis
589 2461 705 2525 omissis,
723 2461 887 2515 verisimilius
905 2467 945 2515 est
959 2461 1099 2533 Epiphanii
1115 2463 1207 2516 saltem
1224 2467 1339 2533 tempore
1356 2463 1463 2518 civilem

296 2547 413 2600 Arabum
425 2565 523 2601 annum
535 2548 645 2602 solarem
656 2547 750 2612 fuisse,
769 2553 795 2600 ct
811 2547 869 2600 aliis
885 2564 964 2618 quam
976 2549 1022 2618 qui
1032 2549 1111 2619 vulgo
1124 2548 1338 2601 circumferuntur
1348 2550 1463 2604 nomini·
1558 2565 1559 2624 ,

297 2633 347 2688 bus
358 2649 461 2687 menses
473 2635 617 2704 appellatos
633 2649 699 2686 esse.
734 2633 896 2704 Simplicius,
914 2634 954 2687 uti
970 2634 1087 2704 Scaliger
1103 2635 1237 2700 observat,
1253 2649 1344 2686 avere
1361 2651 1464 2690 munna

297 2737 374 2772 suum
386 2721 484 2772 Arabes
495 2719 632 2773 inchoasse
644 2719 740 2774 scribit.
758 2718 963 2772 Alexandrinum
974 2737 1035 2774 uero
1046 2719 1191 2774 chronicon
1203 2737 1229 2790 p.
1238 2717 1296 2772 597.
1308 2723 1382 2772 notat
1392 2719 1462 2774 Can·

273 2853 276 2862 ,
297 2805 395 2858 didoet
384 2804 537 2869 tQuadrato
554 2821 620 2860 coss.
634 2804 739 2858 Petreos
755 2811 782 2857 et
797 2803 952 2870 Bostrenos,
971 2806 1015 2876 qui
1032 2805 1142 2858 Arabiae
1159 2803 1249 2876 populi
1266 2811 1341 2869 sunt,
1358 2805 1392 2858 ab
1410 2805 1462 2859 hnc
1558 2787 1559 2872 J

296 2890 354 2959 ipso
366 2907 435 2944 anuo
447 2897 564 2962 tempora
581 2907 629 2945 sua
646 2907 794 2956 numerere,
812 2892 857 2961 qui
874 2896 914 2944 est
929 2905 1004 2944 aerae
1015 2891 1191 2960 Dionysianae
1203 2905 1260 2956 cu,
1277 2889 1383 2944 ueneni
1393 2887 1462 2963 Imp.
1558 2943 1559 2948 ,

297 2981 412 3028 octavus.

365 3060 433 3112 liert
445 3061 611 3122 Καππαδόκας
623 3060 730 3132 Ἀταρτᾶ
743 3064 787 3132 ιγ.]
820 3061 931 3115 Luumis
946 3063 1026 3132 igitur
1043 3059 1229 3132 Cappadocum
1242 3061 1341 3115 mensis
1358 3063 1462 3128 extitit,

297 3146 505 3215 quandoquidem
517 3163 575 3199 cum
587 3147 685 3200 Tebeth
697 3148 801 3201 ludaico
815 3148 944 3202 convenit.
968 3148 1024 3200 lmo
1041 3163 1102 3200 vero
1119 3153 1209 3200 neuter
1225 3153 1343 3201 amuratc
1359 3147 1463 3202 lunaris

296 3231 359 3296 luit,
374 3247 433 3284 cum
449 3232 612 3285 novilunium
629 3233 743 3286 medium
760 3233 820 3286 Dec.
830 3232 870 3286 26.
884 3239 1020 3304 competat
1044 3231 1129 3296 Quare
1146 3233 1169 3285 si
1185 3231 1275 3286 Iudaei
1286 3229 1335 3284 deb
1347 3236 1390 3300 τῆς
1402 3251 1462 3285 σον-

297 3317 357 3368 όδου
379 3317 530 3370 neomenias
552 3318 660 3370 ciuiliter
683 3317 863 3383 deduxissent,
883 3317 938 3370 Ian.
958 3336 993 3372 vr.
1011 3319 1117 3372 nonnisi
1138 3335 1178 3372 ιιι
1195 3333 1278 3373 mene.
1297 3316 1462 3374 habuissent.

297 3401 344 3453 Sin
354 3403 422 3474 quod
434 3403 491 3454 eliis
502 3403 613 3472 placuit,
624 3404 662 3456 uti
673 3404 762 3473 glossa
774 3419 848 3458 cvm.
858 3419 913 3474 par.
924 3421 942 3456 1.
954 3403 999 3456 lad
1010 3403 1040 3456 R.
1050 3403 1231 3458 Mnemonidas
1240 3407 1358 3468 teatatm,
1370 3421 1461 3462 neom.

296 3501 430 3556 nunquam
443 3503 473 3539 eo
487 3488 526 3540 die
543 3489 695 3553 constituta,
713 3489 740 3542 iu
758 3505 837 3558 quem
853 3489 942 3542 Molad
957 3489 1093 3554 incideret,
1109 3489 1248 3542 neomenia
1258 3488 1357 3542 Tebeth
1373 3507 1461 3545 xxun.

296 3572 371 3636 Dec,
383 3572 497 3625 Ianuarii
508 3578 594 3626 antem
607 3591 640 3626 vr.
654 3573 783 3628 duntaxat
794 3573 930 3628 undecima
942 3576 1069 3628 convenit
1093 3574 1161 3628 Suel.
1174 3575 1219 3630 hh.
1229 3591 1266 3629 vr.
1279 3573 1310 3627 de
1321 3575 1462 3629 Emendat.

296 3675 357 3712 cum
373 3655 404 3710 de
422 3673 489 3710 anuo
507 3658 588 3711 natali
606 3657 701 3712 Christi
717 3660 844 3731 disputat,
860 3660 1034 3731 Epiphaniam
1048 3659 1195 3730 redarguit,
1214 3659 1283 3729 quod
1294 3659 1393 3714 Tebeth
1409 3677 1460 3732 pro

296 3743 395 3798 Sebath
406 3745 528 3814 posuerit.
552 3743 603 3797 Sed
614 3744 838 3814 reprehendendus
850 3747 906 3817 ipse
917 3747 1016 3816 potius,
1034 3745 1078 3816 qni
1095 3745 1128 3798 ad
1145 3750 1321 3799 commentum
1335 3762 1414 3800 suum
1426 3748 1461 3800 de

296 3830 429 3900 Callppica
439 3829 545 3901 periodo
557 3846 573 3882 a
584 3829 685 3883 ludaeis
697 3836 759 3884 tuuc
770 3833 894 3903 temporis
906 3832 1043 3884 observata
1053 3829 1228 3901 Epiphaniam
1239 3830 1401 3902 adshiugera
1412 3849 1461 3886 vu·

295 3915 357 3980 luit,
375 3915 406 3967 de
419 3930 470 3984 qua
482 3931 509 3966 re
520 3915 599 3985 paulo
616 3921 675 3985 post
691 3919 804 3987 agetur'
797 3933 824 3970 m
836 3917 1015 3987 Disputatione
1028 3916 1059 3968 de
1071 3933 1140 3970 anno
1153 3917 1305 3970 Dominicac
1315 3915 1459 3972 Passionis.

295 3999 918 4070 lurthrclgrturmens1sTebethnouScbath
935 4001 1459 4075 etestommuoedludaucamlllampe·

198 4101 271 4151 alar.
297 4085 398 4138 riudam
405 4103 502 4155 ,quam
514 4092 606 4156 postea
618 4085 800 4156 epriphanii
813 4093 899 4140 mente
915 4087 1102 4152 describemus,
1120 4087 1405 4142 accommodatissimus
1415 4089 1460 4144 hic

295 4171 377 4223 locus.
405 4171 460 4224 Etsi
477 4172 587 4224 ducrum
602 4172 710 4224 alterum
728 4171 852 4242 accidisse
869 4174 995 4244 suspicor,
1014 4180 1042 4226 ut
1053 4173 1095 4226 uel
1107 4169 1137 4225 ιδ’
1149 4189 1196 4244 pro
1209 4192 1233 4243 ιγ
1235 4171 1387 4244 'sumpserit
1398 4175 1459 4246 Epi-

296 4253 420 4324 phanius,
436 4257 477 4308 uel
493 4257 615 4326 quoniam
627 4257 741 4310 ienuam
749 4275 773 4309 v.
785 4273 831 4327 pro
843 4275 878 4312 vr.
890 4259 1040 4329 imprudens
1052 4263 1235 4330 usurpaverat,
1250 4267 1282 4312 ad
1300 4273 1360 4312 eam
1375 4261 1458 4331 respi-
1558 4259 1559 4280 ³

297 4339 367 4392 ciens
379 4355 436 4392 xur.
448 4341 546 4393 Tebeth
558 4343 729 4412 adscripserit.
741 4343 814 4402 ¹Erat
825 4345 894 4397 euim
906 4361 938 4398 ex
950 4343 1072 4398 methodo
1085 4349 1175 4398 nostm
1185 4343 1284 4398 Tebeth
1296 4345 1336 4399 14.
1355 4343 1457 4416 Quippe

298 4424 664 4494 ogdobcontatessaraatcridis
676 4443 759 4480 annus
770 4428 820 4480 iste
832 4428 881 4482 luit
892 4448 929 4494 u„
942 4429 1016 4500 cyclo
1028 4429 1091 4483 solie
1102 4447 1154 4495 rx.,
1166 4430 1244 4484 lunae
1256 4449 1288 4496 r.,
1305 4429 1389 4496 aEnl,
1400 4431 1456 4486 lan.

296 4509 358 4563 anni
369 4507 463 4564 Iuliani
474 4513 605 4578 sequentis
616 4514 753 4566 neomenia
764 4512 845 4568 Ninau
857 4515 918 4584 Apr.
928 4533 972 4580 m,
989 4514 1036 4568 ier.
1048 4533 1083 4570 ru.
1108 4515 1170 4568 Erat
1185 4531 1269 4570 annue
1285 4515 1399 4586 simplex
1413 4533 1455 4570 or·
