3138 5044
1162 331 1273 390 oum

114 493 159 563 qui
170 509 231 548 cum
243 493 433 548 lioidrumiune
444 491 649 564 Ppsuepslonem
661 492 807 556 continuat,
820 495 888 546 errat
897 489 1013 562 proiectu
1025 489 1149 560 Scaliger.
1172 489 1273 542 Plutar-

114 578 179 632 chus
195 581 267 634 euim
282 579 373 650 paucis
389 580 524 633 mensibus
536 585 596 649 pust
607 579 717 632 ruditum
728 579 756 631 iu
767 579 879 648 patriam
890 577 988 630 uixisse
999 574 1199 630 Demosthenem
1211 575 1273 640 scri·

113 664 159 718 bit.
176 663 245 718 llam
252 665 440 735 bistagituiuue
452 681 542 718 meuse
550 664 676 735 praelium
685 663 719 717 sd
728 662 873 717 Grauunsm
882 662 1004 732 contigit3
1015 661 1205 716 Bubdrumione
1212 675 1274 714 vero

112 750 272 820 praesidium
284 751 311 804 in
324 750 484 805 Munichlam
496 749 683 814 introductum,
694 749 873 819 Pyanepsiuns
885 748 989 801 demum
1002 747 1067 802 obiit
1077 745 1273 800 Demosthenes.

112 835 173 888 Nun
184 835 247 890 dicit
258 835 378 908 sequenti
388 842 449 907 pust
460 835 677 890 Boidromiunem
693 849 783 888 meuse
799 839 931 886 mortuom
943 849 1008 888 ease.
1030 831 1120 886 Potuit
1129 832 1210 902 igitur
1220 847 1274 886 me·

112 920 172 974 dius
183 922 338 976 intervenire
346 921 556 975 Maemacteriun.
573 920 644 974 ldem
657 926 683 973 et
693 919 725 972 de
736 919 842 972 Diodori
853 919 910 972 locu
922 918 1049 972 iudicium
1060 933 1118 971 essa
1129 917 1217 982 debet,
1229 919 1275 989 qul

111 1005 151 1058 ita
162 1006 264 1060 scribit:
283 1004 343 1060 ’ssu
356 1005 431 1077 puri<
442 1004 471 1058 bu
483 1005 599 1058 καλοῦσιν
609 1003 732 1072 ’linuatus
743 1005 953 1074 Ματμοκτηρτῶνο
963 1005 1013 1056 τῶν
1025 999 1086 1055 tuni
1097 1003 1147 1056 τῶν
1159 1001 1221 1054 κατὰ
1232 1002 1275 1054 τὀν

113 1087 204 1160 ἄρκτον
210 1088 320 1162 doricus
325 1091 413 1144 οὐδένα
418 1089 490 1161 paulu
495 1089 597 1161 ὁρᾶσθαι
606 1090 725 1162 μέχριτῆς
734 1088 955 1160 πρώτηςρυλακῆς,
965 1087 1194 1159 τῷδὶίλωοττδτῶντ
1202 1085 1275 1159 μέχρι

113 1177 235 1246 δευτέρας.
259 1175 318 1230 Nun
333 1177 403 1230 euim
420 1177 542 1230 contiuuo
557 1175 873 1248 postldssmactsriouem
884 1173 1053 1228 Posldsunem
1068 1174 1143 1244 acqui
1154 1173 1275 1238 declarat,

112 1277 173 1316 cum
189 1267 216 1315 et
231 1262 312 1315 uerba
328 1263 391 1326 ieta,
409 1258 457 1314 τἰττο
470 1261 699 1332 Μαιμακτεριῶνος,
717 1261 749 1314 ds
765 1277 857 1314 meuse
871 1275 925 1314 non
940 1259 1061 1312 absoluto
1072 1260 1174 1330 possint
1184 1259 1275 1330 accipi,

112 1349 156 1402 cui
167 1349 204 1401 sit
215 1348 351 1420 proximus
362 1348 435 1412 alter,
446 1346 496 1401 huc
507 1352 547 1400 est
558 1345 711 1418 Pyauspsiu.
729 1345 768 1399 lta
779 1345 884 1399 demum
895 1361 937 1398 rea
948 1361 979 1398 eo
990 1345 1124 1414 redigitur,
1136 1350 1164 1398 ut
1175 1349 1276 1416 praeter

113 1430 956 1504 Harpocratiunemsenteutiaesuaerindicemhabsatuemiuem.
974 1429 1275 1484 Scribiteuimiuleaicu
1328 1439 1333 1450 ·

113 1519 360 1572 summissionem
372 1517 483 1588 πέμπτον
495 1511 553 1570 εἶναι
565 1520 637 1587 μῆνα.
660 1517 712 1570 Sed
719 1517 761 1568 vel
769 1516 883 1584 τέταρτος
894 1515 1061 1586 proiciuntur
1072 1514 1276 1579 rescribendum,

113 1605 155 1657 vel
167 1605 191 1656 si
203 1602 268 1658 nihil
279 1601 321 1656 hic
336 1619 353 1656 a
367 1603 472 1656 librarlo
489 1607 624 1674 peccatum
639 1591 691 1667 est,
708 1619 761 1654 nou
778 1601 887 1654 dubium
904 1606 945 1654 est
961 1602 1024 1670 quin
1041 1601 1123 1670 pluris
1140 1600 1209 1671 apud
1226 1615 1275 1654 uos

113 1689 261 1744 Aristotelis
274 1694 301 1742 et
311 1686 442 1742 Plutarchi
453 1703 530 1758 quam
543 1687 707 1758 grammatici
717 1686 795 1739 unius
807 1686 932 1740 autoritas
943 1701 1001 1738 esse
1013 1686 1113 1738 debeat.

182 1773 306 1844 Sequitur
317 1773 439 1826 immanis
451 1773 578 1842 Scaligeri
589 1781 686 1842 stupor,
699 1771 761 1824 dum
772 1771 942 1824 Posideuuem
954 1772 991 1824 ita
1002 1787 1063 1824 cum
1073 1771 1193 1824 leuuarlo
1204 1785 1276 1824 cum·

113 1865 200 1930 parat,
212 1865 242 1912 ut
252 1865 311 1930 pust
322 1860 441 1912 brumam
453 1858 573 1928 incipiat,
585 1873 636 1927 quo
648 1855 712 1910 nihil
724 1857 824 1910 salsius.
852 1856 1003 1910 Aristoteles
1015 1857 1065 1911 lv.
1077 1873 1099 1908 ο.
1107 1873 1144 1910 rx.
1157 1856 1189 1910 de
1200 1854 1276 1925 thyn-

114 1943 185 1998 nide:
206 1941 257 1996 ἔστι
274 1944 300 1996 δὲ
318 1943 331 1995 l
344 1944 387 2014 μὶν
399 1945 497 2015 πρῶτος
508 1944 580 2004 τέκος
593 1942 646 2013 περὶ
658 1941 700 1994 τ“ον
712 1941 867 1994 liunibure
877 1940 926 2011 πρὶν
941 1945 1047 2012 τροπῶν.
1081 1939 1275 2012 Theophrastus

113 2031 158 2083 lib
168 2047 215 2084 vu.
227 2045 310 2100 capr.
322 2029 354 2082 de
366 2029 467 2083 divam
480 2029 604 2082 sementis
616 2033 743 2099 temperer
759 2031 896 2098 χενμερτνοῦ
913 2025 961 2096 γὰρ
977 2024 1042 2097 ἀρχὴ
1059 2027 1120 2097 μετὰ
1135 2024 1226 2097 τροπὰς
1239 2027 1275 2078 ds·

115 2113 179 2186 ρτνὲς
191 2119 236 2167 τοῦ
249 2115 466 2184 Μττογτιτντῶνος,
479 2117 522 2166 τοῦ
533 2111 560 2166 di
572 2113 684 2184 δευτέρου
695 2111 769 2164 πάλιν
781 2112 842 2183 μετὰ
852 2110 923 2179 ἡλίου
932 2111 1024 2182 τροπὰς
1032 2111 1166 2184 χττμτρτνὰς
1175 2116 1220 2164 τοῦ
1228 2111 1276 2164 l'a·

114 2199 238 2270 μηλιῶνος
250 2201 333 2270 μηνός.
351 2199 444 2254 incidit
454 2199 535 2269 igitur
545 2199 673 2253 Posideuu
684 2203 745 2252 ante
756 2199 898 2252 solstitium
908 2197 1058 2266 hibernum,
1072 2197 1208 2252 Gamellou
1216 2203 1278 2268 pust

113 2286 265 2340 solstitium.
281 2284 435 2340 Plutarchus
447 2291 534 2340 autem
546 2286 572 2340 iu
584 2287 639 2340 vita
650 2284 767 2339 (lammis
778 2283 949 2338 Posideonum
961 2299 1021 2338 cum
1032 2283 1137 2338 mannus
1149 2281 1277 2336 duuuxat

113 2371 234 2424 Ianuario
247 2370 358 2424 confert:
376 2371 500 2441 λειμῶνος
512 2368 536 2422 έν
548 2373 650 2441 τροποῖς
667 2365 748 2438 ὄντος,
765 2367 896 2440 ἱσταμένου
908 2366 1057 2440 Ἰανουαρέου
1070 2367 1145 2440 μηνλς
1157 2361 1241 2437 (οὗτος
1252 2366 1276 2421 δ’

113 2457 142 2508 ἂν
154 2455 190 2522 εἴη
203 2455 341 2508 Ποοττδτὼν
353 2453 485 2522 Ἀθηναίοις
490 2455 505 2525 l.
528 2455 595 2510 Nam
606 2456 705 2510 lunaris
716 2455 843 2509 Posideuu
854 2471 1043 2524 nonnunquam
1053 2454 1167 2508 ianuarii
1177 2459 1278 2525 partem

113 2542 208 2596 soient.
240 2541 312 2594 ldsm
324 2547 350 2595 et
361 2541 455 2596 Suidas
467 2543 603 2612 perspicue
613 2541 688 2594 docet
698 2541 739 2594 his
751 2541 848 2594 verbis:
865 2539 1003 2594 Ποσττδτὼν
1014 2538 1062 2610 μὴν
1074 2537 1133 2610 παρ’
1143 2537 1277 2606 ’λέηνοίοτς

114 2627 181 2680 οὕτω
198 2626 349 2696 καλούμενος
361 2625 515 2697 Δεκέμβριος.
550 2626 624 2691 Quod
640 2643 701 2680 sero
718 2625 850 2697 Γομηλτὼν
865 2625 1015 2696 proximum
1032 2625 1173 2678 esolstitiu
1189 2625 1277 2678 lucum

113 2711 222 2778 habnt,
233 2711 348 2766 declarat
358 2713 610 2766 ammonitorem.
622 2729 644 2766 c.
654 2729 702 2765 vc:
723 2709 780 2763 Ἐπὶ
792 2711 819 2762 bl
831 2706 950 2780 ἄρχοντος
961 2707 1086 2777 Ἀθήνῃσιν
1098 2708 1220 2770 Εὐκλέους
1232 2714 1276 2763 τοῦ

114 2797 236 2860 Μόλωνος
252 2795 347 2868 έγένττο
363 2797 472 2868 κομήτης
488 2795 565 2868 ἀστὴρ
580 2797 641 2867 πρὸς
657 2793 759 2866 ἄρκτον,
777 2794 852 2866 μηνος
863 2793 1023 2864 Γαμηλιῶνος
1038 2794 1092 2863 περὶ
1104 2793 1195 2864 τροπὰς
1207 2791 1277 2856 ὄντος

114 2889 158 2936 τοῦ
169 2883 243 2950 ἡλίου
254 2881 396 2954 χειμερινάς.
416 2883 486 2936 llaec
498 2883 574 2936 nobis
586 2883 664 2952 paulo
676 2881 823 2936 accuratius
831 2879 1031 2934 demonstranda
1040 2879 1158 2944 luerunt,
1171 2879 1239 2950 quud
1251 2885 1279 2933 ct

113 2967 254 3040 lipiphmii
264 2970 338 3022 lucus
350 2969 387 3021 ita
397 2969 552 3039 postularet,
568 2973 595 3020 et
609 2967 677 3037 quud
689 2966 795 3036 indigne
806 2965 900 3018 terrem
912 2964 1026 3018 eruditos
1036 2965 1176 3018 nonnullos
1187 2981 1203 3018 a
1214 2964 1278 3019 Sca·

116 3055 201 3126 Ηςοτο
213 3055 241 3108 in
252 3053 364 3108 eundem
376 3069 489 3107 errorem
500 3053 628 3106 inductus.
650 3052 672 3105 li
684 3052 778 3122 quibus
795 3067 864 3104 uuus
879 3051 972 3104 merit
985 3051 1103 3122 imperite
1114 3065 1205 3106 omues
1217 3057 1278 3104 aute

113 3141 187 3196 illum
197 3139 444 3194 mammonam
456 3145 578 3209 quartum
589 3153 707 3192 mensem
718 3153 877 3212 numerasse.
901 3135 952 3200 Qui
969 3135 1073 3206 quidem
1088 3142 1128 3190 tot
1142 3137 1277 3192 conuictus

113 3225 260 3280 rationibus
271 3223 347 3278 cedat
357 3241 464 3278 necesse
475 3229 527 3290 est,
539 3229 566 3278 et
574 3223 644 3294 quod
652 3241 669 3276 a
677 3223 810 3294 Scaligero
820 3223 956 3287 didicerat,
967 3222 1073 3276 tandem
1085 3221 1225 3293 aliquando
1234 3223 1278 3276 ds·

114 3311 208 3366 ducac
225 3309 336 3364 Castora
347 3327 414 3381 quae
426 3310 459 3363 ad
468 3310 613 3364 Atticorum
624 3309 755 3362 mansium
767 3308 967 3380 disputationem
979 3313 1006 3362 st
1015 3307 1099 3361 multa
1109 3313 1136 3362 et
1147 3309 1279 3378 exquisita

113 3397 298 3466 dici-pussant,
310 3411 388 3450 suum
399 3398 487 3450 lucum
498 3393 631 3448 habebunt
642 3395 670 3448 iu
681 3411 713 3448 su
725 3409 802 3464 opere
814 3409 865 3464 quu
876 3401 1022 3465 temporum
1031 3393 1175 3448 docuinam
1186 3411 1204 3448 a
1214 3393 1277 3448 Sca·

113 3482 190 3552 ligeri
200 3481 311 3536 somniis
322 3480 370 3534 deu
382 3481 514 3552 aspirante
525 3480 723 3536 vindicabimus.

179 3565 251 3620 lllad
262 3583 342 3620 uuum
354 3567 476 3620 lecturam
487 3583 595 3620 necesse
604 3571 645 3619 est
652 3566 797 3631 admoueri,
810 3565 914 3618 eosdem
922 3565 981 3619 illue
991 3565 1090 3618 Atticus
1098 3581 1202 3619 meuses
1211 3565 1276 3618 alias
1302 3593 1324 3633 ρ.
1333 3581 1378 3624 aaa

113 3653 220 3707 lunares
237 3667 309 3716 esse,
326 3652 391 3704 alias
406 3667 460 3705 nun
476 3653 593 3716 lunares,
610 3651 657 3705 ssd
673 3652 835 3714 tricenarius,
845 3649 888 3704 vel
899 3656 967 3704 certe
978 3649 1102 3706 lulianus.
1126 3649 1156 3704 si
1166 3651 1278 3714 lunares,

114 3743 213 3792 cartam
224 3737 325 3790 unllam
336 3737 364 3790 iu
374 3735 476 3790 luliauo
488 3741 613 3790 contextu
624 3736 713 3790 sedem
725 3737 855 3800 obtinent,
871 3735 918 3790 sed
932 3736 999 3790 ultro
1015 3736 1132 3806 citroque
1140 3741 1278 3806 vagantur.

114 3823 188 3888 Quae
199 3823 313 3876 saneim
326 3820 406 3876 efficit
422 3827 452 3875 ut
468 3839 521 3875 uun
538 3822 631 3876 isdem
641 3822 749 3876 luliauis
760 3821 893 3874 mensibus
905 3821 1100 3892 ascriptoribus
1111 3822 1279 3892 imputentur.

113 3907 278 3980 Epiphanius
294 3906 337 3961 hie
351 3905 385 3960 ds
402 3907 559 3973 uiceumiis,
577 3912 623 3961 aut
639 3907 729 3976 utique
744 3905 851 3960 Iulianis
867 3907 989 3976 loquitur,
1006 3907 1037 3962 de
1054 3923 1106 3978 quo
1124 3907 1279 3976 paulopost

114 4007 234 4065 gemus.
257 3993 341 4065 Caput
352 3993 428 4058 anui,
445 3994 469 4046 si
481 4008 541 4046 vera
556 3998 620 4048 sunt
635 4007 702 4062 quae
713 4007 760 4061 pru
773 3990 859 4046 Gazae
871 3992 1000 4046 renuntia
1010 4007 1090 4063 supra
1100 3991 1278 4058 dhaeruimua,

115 4082 148 4134 ab
161 4079 268 4136 Octobri
278 4079 379 4134 luliauu
391 4077 533 4133 deducitur.
556 4077 624 4132 Nam
636 4077 812 4147 Metagituiun
827 4077 856 4130 in
867 4077 1040 4132 Nouembrem
1056 4076 1186 4130 conuenit.
1208 4075 1279 4146 Ilrgo

114 4165 327 4220 Hecatombaacu
339 4163 478 4219 Octobrem
490 4169 613 4234 occupat,
627 4179 644 4216 a
655 4179 707 4233 quo
718 4179 808 4216 mense
819 4161 1082 4232 Syrumacedonicam
1092 4161 1227 4234 periodum
1238 4179 1279 4216 or-

116 4251 184 4304 ditur
200 4249 326 4319 Sealigur.
360 4249 487 4306 Videntur
501 4255 562 4320 pust
576 4247 805 4303 Constantinianus
821 4248 974 4302 indictiones
990 4263 1089 4302 novum
1104 4247 1168 4301 illud
1185 4247 1280 4302 Iuliani

117 4336 178 4390 anui
194 4335 366 4405 primordium
381 4335 505 4392 statuim
525 4341 552 4388 st
565 4335 818 4388 llecatombasonem
834 4334 861 4387 iu
875 4333 1100 4390 hisemacterionis
1115 4334 1202 4388 locum
1217 4333 1279 4388 sub

116 4437 232 4492 rogasse
256 4419 380 4490 Alioquin
391 4419 456 4474 nihil
471 4425 512 4473 est
524 4419 618 4472 certius
630 4435 709 4489 quam
719 4419 953 4475 Hecatumbaeuuis
965 4419 1019 4489 napi
1030 4415 1073 4480 τὰς
1084 4417 1176 4490 τροπὰς
1188 4417 1278 4489 θερινὸς

119 4505 272 4560 collocatum
284 4505 376 4561 luisse.
400 4505 509 4558 bunaria
525 4505 595 4558 euim
610 4504 844 4558 Hecatumbaeunis
861 4506 999 4559 neumenia
1010 4505 1060 4560 tuit
1070 4506 1127 4570 illa,
1145 4519 1213 4574 quae
1227 4505 1279 4558 sul·

120 4593 188 4646 stitiu
199 4591 306 4662 propior
316 4596 398 4661 esset,
415 4595 470 4644 tam
485 4595 546 4646 ante
563 4605 643 4661 quam
658 4597 719 4662 poet
733 4591 886 4657 solsh'tium3
901 4591 929 4645 id
944 4589 1014 4664 quud
1028 4589 1153 4646 aduersus
1164 4589 1279 4660 Scalige-
