3126 5046
287 279 416 340 cxuvm

287 443 360 504 snut,
372 443 399 491 et
410 453 426 490 s
437 439 545 492 caeteris
555 439 740 510 interpretibus
753 439 861 503 omisso,
877 455 938 492 cum
949 439 977 492 in
988 437 1104 492 Hebraeo
1116 437 1223 491 minime
1234 438 1405 508 reperiantur,
1419 439 1448 490 nt

286 529 396 577 testatur
411 523 539 577 Eusebius
555 524 647 578 librx.
661 523 691 576 de
708 523 856 578 Demonstr.
868 523 968 593 Evang.
1002 523 1058 576 lam
1076 537 1137 576 vero
1154 539 1201 592 pro
1218 521 1272 588 bis,
1291 521 1449 592 προςιοίξιιιο

287 608 361 660 οὗτοι
374 615 433 674 otu,
450 609 578 680 quaedam
596 610 655 664 edit.
668 607 799 663 habebant
816 609 879 662 olim
896 607 923 662 bv
935 607 1070 679 ᾑρέτισενὴ
1088 608 1155 679 ψυχή
1173 625 1232 678 μου,
1248 608 1289 662 Al.
1304 605 1331 659 ’ὄν
1344 606 1448 678 ᾑρέτισα,

287 693 318 755 εἰς
331 693 358 747 ὃν
369 693 504 761 ἠυδόκησεν
517 701 564 748 etc.

353 779 427 834 N.v1.
440 778 567 851 Ὠσπεργε
579 785 649 850 κακῷ
662 780 713 832 vovi
726 775 804 850 ὄνομα
816 779 899 848 λέων]
917 780 1032 850 Insignis
1045 779 1078 832 ad
1090 779 1199 832 eandem
1210 779 1370 832 seutentiam
1381 778 1451 832 loeus

202 907 208 919 .
255 902 261 916 .
287 873 326 920 est
338 883 373 919 ex
384 866 495 920 Helledii
507 864 719 920 Chrestomsthiis
732 866 801 936 apud
812 865 944 919 Photium:
957 863 1016 918 Ὅτι
1025 864 1054 916 c'o
1066 863 1100 935 μὴ
1113 863 1190 935 livere
1203 863 1317 933 δοςρημο
1330 864 1392 915 πᾶσι
1403 867 1452 922 τοῖς

287 951 401 1012 παλαιοῖς
414 951 457 1022 μὶν
470 951 566 1022 φροντὶς
578 946 620 1018 ῆν,
638 949 744 1020 μάλιστα
762 949 788 1002 δὲ
800 955 850 1012 τοῖς
862 949 1004 1017 ’Δθηναίοις
1032 948 1075 1002 ibib
1088 949 1128 1001 καλ
1140 949 1169 1001 vb
1182 949 1351 1019 δεσμωτήριον
1364 947 1453 1018 οἴκημα

287 1034 399 1106 ἐκάλουν,
412 1036 452 1088 κοιλ
464 1037 506 1087 obv
520 1036 606 1108 δήμιον
619 1035 707 1104 κοινὸν,
720 1037 762 1097 τὰς
775 1035 802 1088 δὲ
814 1035 937 1108 Ἐριννύος
949 1034 1095 1106 Εὐμενίδας,
1111 1033 1128 1101 ἥ
1139 1031 1233 1104 Σεμνὰς
1245 1032 1313 1102 Θεὰς,
1325 1034 1356 1085 rb
1369 1032 1397 1086 δὲ
1409 1039 1453 1104 μῦ-

171 1133 175 1151 ·
288 1139 330 1184 σος
343 1119 415 1192 ἄγος,
428 1121 456 1173 rb
470 1119 496 1174 δλ
509 1117 563 1183 ὅξος
576 1121 645 1192 μέλι,
665 1121 705 1173 καλ
716 1120 759 1188 τὴν
771 1120 851 1192 χολὴν
863 1121 987 1191 γλυκεῖαν,
1004 1120 1046 1172 τὀν
1059 1117 1086 1172 di
1098 1119 1219 1191 βόρβορον
1231 1113 1318 1188 ὀχετὸν
1331 1125 1382 1174 stu.
1416 1119 1454 1172 Its

288 1209 358 1278 apud
369 1209 500 1262 Hebraeos
512 1213 639 1270 ’Ἤτοι
651 1211 690 1260 est
702 1221 807 1271 caecus,
820 1223 880 1260 cum
893 1213 919 1260 et
928 1207 1031 1260 radium
1043 1204 1175 1276 significet
1186 1221 1202 1257 s
1213 1204 1362 1275 splendore.
1380 1203 1453 1268 Quod

287 1311 349 1346 vero
361 1295 412 1346 mel
424 1299 527 1346 acetum
540 1292 610 1364 apud
621 1293 721 1346 Atticos
734 1291 830 1344 dictum
847 1294 893 1356 sit,
910 1292 937 1346 id
954 1309 989 1346 ex
1000 1293 1083 1346 Plinio
1096 1289 1244 1344 confirmari
1255 1305 1332 1360 posse
1344 1289 1452 1352 videtur,

289 1379 333 1450 qui
344 1379 431 1432 libxr.
443 1395 556 1448 oap.xv.‚
567 1378 595 1430 in
608 1377 678 1430 omui
689 1377 766 1430 melle
779 1377 847 1447 quod
858 1395 904 1448 per
916 1395 945 1430 se
955 1377 1027 1442 fluit,
1040 1381 1142 1431 acetum
1151 1375 1203 1428 diei
1213 1381 1350 1430 memorat
1367 1375 1452 1439 Quan-

289 1479 368 1534 quam
380 1481 428 1517 nos
441 1481 544 1516 acerum
555 1463 697 1534 legendum
709 1479 766 1516 esse
779 1463 968 1534 disputavimus
980 1463 1013 1516 sd
1024 1461 1205 1516 Themistinm.

480 1617 525 1670 ΔΙ)
543 1617 717 1672 munusue
733 1616 830 1681 LVIII..
849 1615 938 1680 QUAE
955 1615 1018 1670 EST
1032 1613 1258 1672 VALESIORUM.

357 1719 389 1773 N.
400 1739 418 1774 1.
442 1719 488 1772 liei
499 1719 528 1771 rb
542 1719 584 1790 μὲν
598 1713 676 1790 ὄνομα
688 1717 837 1791 Ἀραβικὸν]
861 1719 1050 1772 ΙιιιοΙιοῇιιωιι
1067 1719 1169 1771 Valens.

357 1804 404 1856 lini
416 1805 486 1857 sirei
499 1804 525 1857 δὲ
537 1805 590 1874 περὶ
603 1803 709 1875 ἀρχῶν]
733 1805 841 1858 Videtur
852 1803 971 1858 nonnihil
982 1803 1085 1870 deesse,
1098 1803 1167 1874 qnod
1178 1817 1306 1874 suspense
1316 1803 1352 1856 sit
1363 1801 1451 1855 borum

288 1891 427 1945 verborum
439 1892 580 1955 sententie,
593 1890 672 1950 οὕτως
684 1889 821 1952 δοξάζουσι.

358 1976 403 2027 llol
416 1975 455 2027 inl
478 1975 619 2046 σομψελίοις
632 1975 768 2042 δήσαντες]
801 1976 855 2028 Ant
866 1975 1019 2045 depravata,
1038 1980 1084 2028 unt
1098 1975 1189 2045 ignota
1200 1973 1264 2028 mibi
1274 1990 1328 2027 vox
1341 1977 1384 2028 est
1394 1991 1451 2041 oup-

291 2061 389 2131 ψιλίοις.
413 2061 444 2114 ln
456 2077 507 2130 qus
519 2061 720 2113 divinationibus
732 2077 762 2113 so
775 2061 929 2114 coniecturis
940 2061 1028 2114 ludere
1039 2061 1116 2114 facile
1128 2067 1176 2113 est.

357 2144 389 2201 N.
402 2163 440 2200 111.
464 2143 540 2198 Ὅσοι
551 2143 578 2198 δὲ
590 2143 621 2206 εἰς
633 2145 662 2196 rb
675 2147 826 2216 πρόχειρον]
861 2145 1007 2216 Exsoripsit
1016 2146 1085 2200 huuc
1097 2144 1235 2216 Epiphanii
1245 2145 1333 2198 locum
1346 2143 1451 2198 souu-

291 2233 346 2286 sius
362 2233 499 2304 episcopus
516 2231 630 2284 Nicenns
648 2230 695 2294 Qu.
708 2249 798 2286 nxxrn.
815 2239 877 2285 tom.
887 2251 905 2285 ι.
922 2231 989 2286 Bibl.
1001 2231 1049 2285 PP.
1061 2233 1107 2284 ubi
1122 2229 1214 2286 bistili.
1226 2231 1315 2284 locum
1330 2231 1405 2284 illum
1419 2245 1451 2282 ex

292 2333 348 2388 cup.
358 2335 412 2374 nra.
425 2319 596 2388 plurimorum
607 2321 711 2388 patrum
723 2317 836 2371 collectis
848 2318 983 2372 sententiis
994 2317 1113 2372 illustrat.

465 2539 511 2593 ΔΙ)
528 2539 703 2594 HAERESIM
718 2539 797 2605 nix„
814 2539 904 2604 QUAE
921 2539 984 2594 EST
1001 2537 1281 2594 Noviumuoulnt

392 2661 436 2714 De
458 2661 686 2732 poenitentiae
704 2665 814 2714 vetere
836 2660 868 2714 iu
891 2659 1030 2714 ecclesis
1052 2661 1179 2714 ratione
1202 2658 1355 2713 diatriba

614 2815 775 2886 Qooefueril
786 2815 991 2868 Nouatiuuorum
1004 2814 1134 2868 Haereses.

358 2917 556 2972 Ecclesiasticus
568 2919 606 2971 rei
617 2918 809 2990 functionisque
825 2919 965 2989 praecipue
981 2934 1042 2989 pars
1059 2916 1220 2987 poenitentis
1237 2915 1346 2986 eiusque
1364 2930 1414 2968 usn
1430 2919 1454 2967 st

292 3003 515 3056 administratione
533 3005 686 3058 continetur.
723 3004 862 3056 Testsutur
874 3003 900 3056 id
912 3004 1039 3074 imprimis
1051 3007 1140 3056 vetere
1152 3003 1239 3055 omnia
1250 3001 1361 3054 concilis
1372 3005 1398 3053 et
1408 2998 1453 3053 SS.

292 3088 340 3142 PP.
354 3088 468 3154 decretu,
481 3105 546 3160 quse
557 3087 606 3141 hec
617 3090 643 3142 in
654 3105 707 3142 unu
715 3105 742 3141 re
752 3089 921 3159 gubernande
929 3093 956 3140 et
964 3087 1145 3142 constituenda
1153 3088 1319 3158 potissimum
1327 3085 1454 3148 laborent,

293 3187 324 3225 so
342 3173 372 3226 de
389 3173 579 3243 poenitentium
596 3175 674 3226 variis
693 3175 826 3228 ordinibus
844 3180 870 3226 et
887 3174 1023 3244 gradibus,
1045 3173 1127 3242 deque
1148 3173 1311 3242 singulorum
1332 3177 1453 3242 tempore,

292 3258 370 3312 modo
389 3260 536 3312 uenatione
554 3258 872 3330 studioseprsescribunt.
908 3259 991 3323 Quam
1010 3259 1114 3329 quidem
1126 3257 1282 3311 christianae
1304 3257 1453 3327 disciplinae

291 3349 400 3415 purtem,
412 3361 515 3414 unaque
528 3349 554 3397 et
565 3345 688 3398 ecclesiae
700 3351 856 3415 potestatem
866 3360 1025 3415 oppugnare,
1038 3349 1068 3397 ut
1077 3345 1140 3398 olim
1148 3342 1297 3408 Novatisni,
1309 3343 1347 3396 sie
1356 3348 1454 3396 nostrs-

292 3435 331 3482 tes
343 3428 466 3482 haeretici
478 3431 550 3482 omni
562 3447 609 3501 ope
622 3447 652 3484 sc
665 3431 764 3483 ratione
776 3437 911 3485 conentur.
947 3429 1020 3494 Quae
1035 3428 1098 3482 mihi
1115 3443 1207 3482 caussa
1219 3429 1283 3481 satis
1294 3427 1391 3481 idonee
1400 3427 1455 3479 viss

293 3519 345 3580 est,
362 3531 407 3567 cnr
424 3514 455 3567 de
466 3517 627 3585 poenitentis
638 3517 695 3586 ipse
707 3515 739 3568 nd
750 3515 817 3568 huno
828 3516 1032 3569 Novatienorum
1043 3512 1171 3566 haeresim
1182 3513 1284 3584 plenius
1295 3511 1395 3583 aliquid
1406 3511 1455 3564 vel·

292 3602 345 3655 lem
356 3599 512 3670 uberiusque
525 3600 658 3654 disserere.
674 3601 764 3672 Neque
773 3619 833 3654 vero
844 3617 909 3672 quae
919 3600 952 3654 ad
961 3617 1020 3654 sem
1029 3600 1153 3665 attinent,
1163 3601 1285 3652 universe
1293 3597 1454 3668 complectar,

293 3685 338 3740 sed
356 3701 388 3740 es
405 3686 504 3739 scilicet
518 3687 646 3756 attingam
657 3703 724 3756 quae
736 3686 769 3738 sd
782 3683 952 3740 Cathsrorum
964 3685 1093 3738 haeresim
1104 3689 1182 3754 etque
1193 3681 1333 3754 Epiphanii
1344 3683 1454 3753 disputo

194 3809 215 3848 p.
223 3798 266 3843 ρος,
292 3774 391 3827 tionem
402 3770 581 3824 illustrandum
592 3773 738 3825 necessarie
748 3771 875 3825 videntur.
895 3772 932 3824 Ae
943 3772 1057 3842 primum
1069 3770 1100 3822 de
1111 3770 1181 3822 illius
1193 3775 1279 3822 sectae
1291 3783 1323 3822 eo
1334 3767 1454 3822 schisma·

293 3861 327 3913 tis
339 3864 443 3922 sutore,
455 3856 537 3926 deque
549 3857 605 3909 eius
618 3857 740 3927 dogmate
751 3873 835 3928 pauca
847 3857 974 3926 quaedem
987 3873 1001 3909 e
1012 3856 1102 3908 multis
1114 3854 1220 3908 libends
1231 3859 1300 3908 eunt

360 3945 389 3998 In
402 3959 453 4014 quo
462 3943 600 4013 plerosque
608 3949 724 3995 veterum
733 3949 844 4012 patrum,
857 3959 886 3996 sc
896 3941 1061 4012 potissimum
1073 3940 1239 4003 Graecorum,
1252 3939 1389 3992 aberrasse
1397 3955 1454 3992 oon·

294 4035 357 4094 stat,
375 4029 420 4100 qui
431 4028 496 4082 dnos
508 4033 594 4080 sectae
605 4027 682 4080 huius
695 4027 847 4080 architectos
859 4028 886 4080 in
903 4043 985 4080 unum
997 4027 1120 4090 miscent,
1137 4025 1306 4079 similitudine
1322 4025 1454 4078 nominum

295 4113 405 4184 decepti,
416 4113 547 4167 Novatum
560 4119 585 4165 et
596 4111 778 4166 Novatienum.
816 4111 931 4175 Quorum
942 4113 985 4166 ille
997 4111 1135 4165 Airionnus
1153 4111 1290 4182 episcopus
1305 4109 1370 4176 fnit,
1385 4110 1454 4162 cuius

295 4200 472 4268 turpissimam
487 4215 517 4251 ao
528 4196 760 4266 flagitiosissimam
772 4197 865 4262 vitam,
881 4198 1005 4250 avaritiae
1022 4197 1123 4262 sordes,
1139 4195 1330 4260 credulitatem,
1346 4193 1454 4248 nefunda

296 4283 432 4355 parricidis
441 4283 563 4337 describit
572 4281 717 4352 Cyprianus
727 4281 807 4354 Epist.
818 4301 890 4338 rnrx.
913 4283 984 4336 Idem
996 4299 1070 4348 vero,
1083 4297 1141 4336 cum
1153 4282 1181 4334 in
1192 4283 1327 4352 lapsorum
1338 4281 1453 4351 gratiam

298 4385 363 4439 quos
375 4367 518 4437 Cyprianus
531 4368 689 4422 diuturniore
701 4369 879 4440 severioreqne
891 4369 1028 4440 discipline
1042 4367 1197 4420 cobrcendos
1213 4366 1377 4431 decreverat,
1393 4364 1453 4418 licli-

297 4453 418 4506 cissimus
430 4453 564 4521 presbyter
576 4451 689 4506 schisma
701 4451 852 4519 conflasset,
869 4453 901 4506 ad
918 4453 996 4506 huius
1012 4453 1152 4507 tectionem
1165 4451 1351 4506 adhaerescens
1362 4450 1453 4504 Abies·

297 4553 360 4592 nam
376 4536 503 4606 imprimis
521 4537 655 4590 ecclesiam
673 4537 832 4607 permiscuit.
865 4539 927 4592 lude
943 4537 1055 4592 Romam
1072 4539 1200 4608 navigans
1216 4535 1389 4590 Novidunum
1404 4535 1451 4588 illie
