3104 5038
323 473 409 526 Onm's
419 477 542 544 ssisspsr
551 489 579 526 ee
589 475 672 526 diesne
684 481 779 526 sumre
790 484 938 528 accusasse

320 559 463 612 Immortois'
474 577 536 613 ceco
547 577 643 612 crisma
655 575 709 612 cem
717 561 900 629 pu'cejrnotrrs

319 643 419 698 Secreto
431 645 463 697 od
475 649 568 697 comis
578 645 664 710 redas,
675 648 835 714 adauctaque
845 645 924 712 losse.

321 729 392 782 Nam
399 735 509 799 privato
522 732 607 784 dolore
617 735 696 793 osrse',
707 734 812 800 priests
820 731 929 799 periclis
974 749 982 762 ·

321 815 386 884 Ipso
397 820 450 867 ersis
457 817 557 886 pollens
568 815 667 885 opibus,
680 815 746 868 nihil
755 818 846 884 indiga
859 818 946 878 omisi,

321 899 377 951 Nae
389 901 449 953 dene
456 904 604 970 promeritis
615 904 727 970 copitar,
739 917 785 953 nec
796 904 912 968 saepitur
922 905 973 953 s'ro.

186 983 374 1055 Ἐβδομήιοντσ
386 985 431 1036 δύο
442 983 485 1055 μὲν
497 982 577 1051 dorsa
589 984 751 1055 φιλοσοφίαι]
785 987 881 1040 Mirum
893 991 933 1039 ror
944 984 1012 1056 apud
1022 983 1100 1038 Indos
1110 983 1275 1056 philosopho·

117 1085 177 1124 rum
188 1075 274 1123 sectas
286 1069 414 1133 extitisses
426 1070 495 1140 quod
507 1071 595 1123 nescio
607 1085 640 1123 sn
649 1071 716 1124 elius
728 1071 875 1141 prodiderit.
897 1071 990 1124 Strabo
1001 1071 1046 1126 lib.
1055 1087 1099 1124 rr.
1111 1070 1143 1123 de
1154 1070 1277 1126 ludorum

118 1156 197 1208 sectis
215 1155 270 1225 agit
286 1163 418 1219 accurate,
436 1171 502 1225 quas
520 1155 554 1208 sd
573 1155 624 1208 duo
644 1157 730 1227 capite
749 1162 865 1221 revocet,
886 1155 1062 1210 Brachmanae
1081 1161 1107 1209 et
1124 1155 1276 1210 Germanas.

118 1239 260 1294 Sciendum
277 1245 317 1293 est
333 1245 420 1292 sutem
435 1239 608 1311 Epiphaniam
624 1237 722 1310 cripiens
740 1242 794 1295 sive
810 1248 895 1295 sectas
906 1241 1036 1312 appellare
1046 1241 1165 1294 instituta
1174 1241 1277 1296 risendi

118 1339 150 1378 sc
161 1324 277 1378 diversos
288 1326 406 1394 gentium
417 1326 495 1390 ritus,
507 1325 652 1379 cuiusmodi
662 1326 864 1380 innumerabiles
876 1326 969 1380 confici
979 1331 1126 1396 potnerunt.

187 1407 219 1464 ri.
232 1427 257 1463 x.
281 1407 316 1461 'll
329 1407 453 1462 dedseris
465 1413 516 1472 τοῖς
528 1410 645 1478 Δαύνιοι]
681 1409 751 1476 Quos
768 1411 810 1464 hic
824 1411 955 1464 Daunidaa
970 1412 1100 1482 intelligat
1110 1411 1275 1466 divinandum
1324 1405 1327 1412 ‘

118 1499 168 1548 est
199 1493 258 1548 Non
269 1495 340 1548 euim
351 1495 385 1550 sd
397 1495 514 1560 Daunus,
528 1496 627 1566 opinor,
638 1495 728 1548 ltaliae
739 1497 864 1567 populum
875 1511 922 1566 par
933 1501 974 1550 est
983 1497 1082 1550 referri.
1112 1495 1166 1549 lam
1177 1493 1276 1560 Zinclri,

118 1579 175 1632 aire
190 1578 291 1644 Zicchi,
308 1579 341 1634 ad
356 1579 469 1634 Pontum
485 1579 617 1634 Euxinum
634 1581 661 1634 in
678 1579 807 1634 Sarmetia
821 1582 935 1634 Asiatica
951 1581 1111 1634 collocantur
1127 1580 1161 1634 ab
1172 1581 1276 1636 Ariana.

120 1663 179 1718 Geli
190 1670 277 1718 utrum
291 1664 383 1718 Geloni
393 1665 447 1718 sint
457 1682 510 1718 uon
521 1665 611 1736 liquet.
636 1665 703 1719 Gelli
720 1665 824 1736 quidem
839 1667 867 1718 lu
878 1667 1027 1720 idsmsrtiui
1037 1665 1164 1734 Psuegpr.
1175 1665 1209 1718 sd
1220 1665 1276 1718 its·

119 1750 266 1803 ximiauum
277 1751 367 1822 populi
378 1751 482 1820 quidam
494 1755 638 1815 censemur,
649 1755 680 1804 ut
690 1751 811 1804 observat
822 1751 942 1804 Ortelius.

186 1831 257 1887 'Oea
268 1851 293 1886 rr
305 1832 383 1902 ἄλλα,
396 1833 427 1887 τά
438 1851 463 1886 σε
474 1832 499 1886 ἒν
511 1832 650 1903 Ἐλευσῖνι]
678 1835 765 1889 Pauca
777 1853 809 1889 ax
821 1836 930 1889 infinitis
940 1834 1130 1889 Eleusiniorum
1141 1837 1233 1890 ritibus
1245 1851 1276 1890 as

119 1920 273 1973 ceremoniis
285 1921 413 1990 expressit
424 1936 438 1972 e
450 1919 581 1973 Clemente
591 1921 619 1974 ln
630 1919 755 1991 Protrept.
769 1937 846 1991 quem
861 1925 890 1973 tu
907 1919 1026 1984 consule,
1041 1926 1071 1974 ut
1087 1926 1113 1974 st
1123 1921 1275 1987 dmoblum,

119 2004 237 2074 aliosque
254 2011 307 2058 tam
317 2011 417 2058 setores
435 2021 513 2074 quam
530 2007 686 2060 recentiores
703 2008 748 2076 qni
768 2007 799 2059 ds
815 2006 914 2059 Oersrie
930 2005 1060 2074 mysteriis
1077 2005 1275 2072 diligentissime

119 2091 287 2160 scripserunt.
321 2090 355 2142 Et
370 2107 418 2144 nos
434 2091 462 2143 iu
474 2089 656 2144 Themistiauis
668 2091 741 2144 lictis
753 2090 821 2144 haud
832 2106 916 2160 psucs
927 2091 1092 2144 contulimus.
1129 2089 1200 2154 Quae
1211 2091 1275 2144 adeo

119 2175 251 2228 nonnullis
262 2175 450 2244 persuasimus,
466 2181 497 2228 ut
511 2176 567 2228 sine
584 2176 639 2228 nlla
649 2177 804 2245 cuiusquam
814 2176 946 2229 mentions
958 2181 1083 2246 tanquam
1094 2176 1202 2246 rulgsts
1212 2183 1238 2228 et
1248 2177 1275 2229 iu

119 2260 239 2313 confesso
256 2261 325 2330 apud
343 2277 433 2314 ornnes
450 2261 548 2331 posite,
567 2277 634 2330 quae
651 2262 707 2314 siue
724 2261 802 2314 dubio
819 2278 853 2314 ex
870 2262 966 2314 nostris
983 2261 1034 2314 illis
1051 2259 1203 2325 hauserant,
1220 2260 1275 2314 suis

119 2347 311 2398 commentariis
322 2347 456 2415 illigarint.
479 2345 553 2409 Quod
564 2353 665 2400 tuntum
677 2346 751 2399 abest
761 2353 791 2400 nt
801 2347 909 2400 moleste
920 2346 1050 2411 ieramus,
1061 2352 1091 2400 ut
1101 2346 1213 2416 gratiam
1223 2345 1276 2398 illis

119 2431 198 2484 etiam
210 2431 277 2484 ultro
287 2431 439 2496 debeamus,
450 2431 519 2502 quod
531 2447 598 2501 quse
610 2433 721 2502 primum
734 2447 749 2484 a
760 2432 836 2485 nobis
847 2436 980 2502 comperte
991 2432 1079 2486 timida
1091 2447 1122 2484 ac
1131 2429 1277 2484 diffidenter

119 2516 253 2587 proposita
262 2517 316 2570 illic
327 2521 413 2581 erant,
428 2531 460 2569 ea
471 2533 517 2586 pro
528 2519 659 2570 selenbus
671 2533 701 2570 sc
712 2519 822 2588 receptis
834 2515 982 2582 habuerint,
994 2517 1220 2586 observationique
1230 2533 1277 2569 no·

119 2607 188 2654 strae
200 2601 301 2670 pondus
319 2607 345 2654 et
360 2602 525 2655 autoritatem
542 2603 688 2656 adiecerint
722 2603 791 2654 luter
802 2617 833 2654 ea
844 2619 920 2672 porro
931 2619 985 2654 non
996 2602 1134 2654 minimum
1145 2601 1209 2654 illud
1219 2601 1277 2666 luit,
1391 2599 1395 2611 ⁸

119 2685 188 2756 quod
200 2685 323 2740 adversm
334 2685 496 2758 scaligerum
508 2687 667 2740 validissime
683 2687 862 2757 probavimus,
879 2687 1004 2756 mysteria
1015 2686 1114 2740 Cereris
1131 2703 1185 2739 uon
1202 2686 1276 2755 quiu-

120 2771 271 2842 quennalia,
286 2771 332 2824 sod
344 2789 432 2824 annua
443 2771 533 2826 fumes.
556 2771 637 2825 Cuius
648 2773 686 2825 rei
696 2771 775 2827 fidam
787 2787 804 2823 a
814 2772 919 2841 nuperis
929 2771 980 2824 illie
992 2771 1160 2841 scriptoribus
1172 2786 1276 2840 expres·

119 2871 176 2910 seru
187 2873 245 2909 esse
257 2875 308 2909 non
320 2857 483 2910 mediocriter
494 2857 647 2925 gaudemus.
675 2856 755 2909 Paulo
766 2861 826 2910 aute
837 2855 899 2926 qnid
910 2857 964 2909 sint
974 2854 1155 2925 Μιγσρῖζονσσι
1165 2857 1276 2924 γυναῖκες

119 2942 232 3012 amplius
243 2942 427 3011 quaerendum.
462 2941 564 2996 (laelius
576 2940 686 3011 Rhodig.
697 2942 741 2994 lib.
751 2957 794 2994 rr.
806 2957 861 3011 esp.
870 2959 907 2996 rx.
919 2941 1066 2995 certaminis
1077 2941 1210 2994 cuiusdam
1222 2941 1276 2994 dis·

120 3029 237 3096 gerensis
255 3027 385 3092 meminit,
402 3027 448 3080 sed
465 3027 533 3096 quod
548 3028 614 3080 iuter
628 3043 734 3098 pueros,
751 3043 805 3080 uon
822 3027 955 3089 mulieres,
971 3025 1152 3097 peragebatur,
1169 3025 1277 3096 quinsur

119 3113 225 3166 suarius
238 3119 368 3165 amantem
380 3120 449 3166 esset
460 3113 601 3167 osculatus.
625 3112 746 3182 cogitent
757 3111 858 3165 eruditi.

184 3193 255 3249 'ileu
267 3213 292 3248 rs
304 3193 369 3248 ἄλλα
381 3195 405 3248 ἐν
417 3197 514 3265 Πυθοῖ]
540 3197 631 3267 Pythie
642 3198 795 3262 ornamina,
809 3195 1027 3267 quemadmodum
1039 3196 1187 3267 Olympios,
1203 3197 1276 3267 quiu-

119 3281 259 3354 qneunslis
270 3289 356 3347 eraut,
368 3289 398 3335 ut
409 3283 513 3336 Pindari
524 3283 675 3338 scholiastes
684 3283 766 3337 docet.
785 3281 987 3336 Celebrabantur
997 3287 1084 3335 autem
1095 3284 1200 3336 ineunte
1209 3298 1276 3346 rere,

119 3383 171 3422 non
186 3368 387 3438 praecipitante,
404 3373 434 3421 ut
449 3368 516 3422 falso
533 3367 651 3437 Scaliger
662 3369 706 3422 lib.
715 3387 733 3421 r.
746 3367 777 3420 de
794 3367 901 3420 Emend.
912 3367 1002 3437 Temp.
1020 3367 1131 3437 scripsit
1164 3367 1220 3420 Hoc
1237 3373 1278 3420 est

118 3451 320 3523 Elaphebolione
330 3469 434 3517 mense,
446 3455 491 3522 qui
502 3453 596 3506 Martio
607 3453 661 3508 iere
672 3451 823 3523 respondet,
839 3469 893 3506 uon
904 3449 1088 3522 Thargslione,
1105 3453 1175 3522 quod
1186 3453 1238 3506 alio
1249 3453 1277 3506 iu

119 3555 196 3608 opere
213 3537 422 3603 confirmabitur3
439 3545 469 3592 ut
485 3545 511 3591 st
527 3538 604 3602 illud,
621 3539 775 3592 commissos
792 3537 897 3590 eosdem
913 3553 972 3590 esse
988 3538 1064 3592 ludos
1078 3554 1147 3592 auuo
1163 3537 1276 3592 secunda

119 3623 289 3676 tetraitsridis
301 3624 464 3694 Olympicus,
476 3641 542 3688 non,
554 3629 582 3676 ut
593 3624 710 3692 Scaliger
721 3627 806 3694 putat,
818 3639 887 3676 enno
898 3624 982 3676 tertio.
1072 3651 1077 3658 ·

185 3707 232 3759 tier
244 3705 298 3760 deos
310 3707 352 3760 τον
365 3707 460 3778 paliis
472 3707 679 3778 ἀναστρέφοντες]
714 3707 787 3772 Quod
802 3709 836 3762 sb
847 3709 984 3778 Aegyptiis
1000 3709 1117 3762 manarit
1131 3713 1158 3762 et
1168 3707 1276 3762 Osiridis
1303 3721 1323 3760 ν·
1333 3709 1376 3752 ³¹⁹·

118 3793 209 3846 ueris.
244 3793 373 3846 Diodorus
390 3795 435 3848 lib.
448 3811 464 3846 r.
499 3793 552 3846 sed
569 3809 616 3863 pro
634 3793 811 3863 φσλσρΐζονσσι
827 3793 893 3846 forts
911 3792 1073 3862 φαλλίζονσαι
1091 3793 1275 3865 reponendum.

118 3877 183 3932 Vide
195 3877 231 3931 sis
243 3877 337 3932 liuseb.
349 3879 393 3932 lib.
403 3897 432 3933 n.
445 3877 477 3930 ‹le
488 3878 680 3948 Praepar.„qui
698 3895 757 3932 cum
774 3877 805 3930 de
822 3878 965 3948 plerisque,
982 3895 1050 3948 quse
1066 3877 1116 3932 hoc
1133 3879 1190 3932 loce
1206 3893 1276 3930 com·

118 3969 304 4028 memorantur,
326 3963 512 4033 superstitiosis
529 3969 645 4016 veterum
662 3963 754 4016 ritibus
772 3963 827 4032 agit
843 3963 984 4028 uberrime,
1006 3971 1062 4018 tum
1079 3979 1144 4032 quas
1161 3963 1276 4033 plerique

118 4047 199 4101 latere
210 4049 259 4102 sub
270 4049 322 4101 illis
333 4047 471 4117 allegorias
484 4049 675 4111 sseersrabaut,
687 4047 785 4100 erudite
795 4047 896 4102 refellit
914 4047 985 4112 Quas
997 4048 1059 4102 dnm
1069 4048 1136 4101 lorte
1148 4063 1276 4118 percurro,

118 4133 192 4186 locus
204 4133 309 4203 quidam
320 4133 409 4186 incidit
419 4135 580 4198 coniectura,
592 4139 620 4186 ut
632 4133 731 4202 opinor,
748 4139 850 4196 nostra,
867 4133 920 4186 luci
936 4149 967 4186 so
983 4149 1060 4188 seras
1076 4133 1220 4186 sententiae
1236 4149 1275 4186 re-

118 4219 233 4272 stitutus.
256 4218 281 4271 la
297 4223 337 4272 eat
351 4233 412 4288 pag.
424 4217 465 4272 53.
476 4234 544 4274 sors.
556 4217 628 4286 irtus,
645 4218 690 4270 nbi
705 4218 742 4270 its
757 4219 879 4288 loquitur.
902 4216 946 4279 Ὧς
959 4214 1007 4288 ἄρα
1018 4217 1058 4270 sel
1069 4217 1084 4284 ἡ
1097 4216 1223 4288 θαυμαστὴ
1235 4219 1276 4272 καὶ

118 4297 258 4374 &addiscat
270 4303 415 4373 φνσιολογίσ
427 4305 468 4368 τῆς
478 4300 622 4368 ’Ἑλληνικῆς
634 4301 759 4372 θιολογίσς
772 4303 835 4355 θεῖον
848 4301 890 4374 μὶν
902 4302 981 4370 oridia,
994 4302 1053 4355 eost
1063 4321 1085 4355 rr
1097 4303 1161 4374 μέγα
1172 4305 1212 4356 ael
1224 4305 1275 4356 iro·

119 4387 207 4458 speeie
218 4388 259 4440 sal
270 4391 312 4454 τῆς
324 4386 477 4447 ἀναστάσεως
490 4384 555 4448 ἄξιον
566 4385 678 4456 ἐπήγετο.
713 4387 804 4442 Scribo
817 4387 856 4440 sai
867 4391 909 4454 τῆς
920 4385 1074 4451 ἀναστάσεως
1086 4385 1160 4458 ἄξιον,
1175 4387 1224 4444 hoc
1236 4397 1277 4444 est

119 4473 289 4543 promissione
298 4473 419 4543 dignum,
430 4473 598 4526 translatione
608 4473 802 4543 aprsoconibus
811 4473 900 4539 ducta,
912 4481 958 4528 snt
969 4475 1000 4528 iis
1012 4475 1133 4528 omnibus
1144 4476 1189 4546 qni
1197 4475 1276 4529 rerba

121 4557 384 4614 issturielstsmaue
399 4557 533 4612 silentium
548 4557 673 4612 indicunt
707 4557 751 4614 Sic
767 4557 915 4630 mythologi
929 4559 975 4614 isti
994 4561 1079 4616 mults
1098 4565 1125 4614 et
1143 4559 1275 4630 praeclara
