3126 5046
297 315 450 373 conam

196 481 271 532 stoa.
296 469 385 526 Sirmii
401 473 561 525 maceratum
579 469 772 540 cruciatumque
789 468 895 522 demum
911 461 1090 524 succubuisse.
1124 467 1199 533 Quod
1216 467 1319 524 sianso
1330 467 1462 523 duntaxat
1479 512 1485 522 .

297 571 403 612 cocnvr.
416 557 596 621 Genetautius,
608 571 641 609 ex
654 571 705 626 quo
714 555 811 610 Sirmio
822 555 850 608 in
858 555 961 608 ltaliam
970 554 1102 626 proiectus
1114 560 1182 620 erat,
1194 553 1316 608 Romaiu
1326 554 1461 623 illyricum

295 658 414 696 reversus
427 647 478 708 est,
495 644 535 695 uti
551 657 629 712 snpra
644 640 805 710 disputatum
821 645 872 705 est,
889 645 995 710 apparel
1005 655 1060 694 uon
1070 645 1131 694 ante
1143 655 1259 694 cccuvu.
1270 655 1383 704 muum,
1398 655 1461 692 con·

295 727 364 781 fecta
380 729 433 780 iam
450 727 504 781 Oeii
519 743 608 781 annua
623 725 712 780 Sirmii
728 725 900 797 relegatione,
918 725 1086 780 sirmiensem
1105 725 1235 796 synodum
1252 723 1317 778 obiri
1333 723 1460 795 potuisse,

296 814 339 866 cni
352 813 429 866 Osine
447 812 604 883 suffragator
620 811 765 865 acoemerit
799 811 845 866 liis
863 811 964 865 duabus
981 811 1140 877 rationibus,
1158 809 1229 882 quod
1245 817 1271 863 et
1287 815 1349 881 post
1363 808 1462 863 liberii

296 899 406 951 exilium
417 903 514 968 etpost
525 914 642 952 annuum
653 913 782 951 carcerem
799 895 833 950 ad
850 897 1064 950 consentiendum
1080 895 1186 950 adactas
1203 896 1238 950 sit
1248 894 1338 961 Osius,
1354 895 1461 948 tardam
1560 941 1561 944 ,

296 983 416 1037 adiunxit
431 999 465 1035 ax
481 983 592 1048 iiilario,
610 983 655 1053 qui
671 983 738 1036 libro
754 982 785 1035 de
803 981 917 1052 synodis
931 981 1100 1036 Sirmicneeur
1116 981 1231 1036 affirmat
1245 987 1306 1052 poet
1318 981 1461 1034 thunium

296 1083 354 1120 esse
372 1068 540 1132 celebratam,
558 1083 593 1121 ex
610 1084 662 1138 quo
674 1067 815 1122 Saturnino
826 1067 973 1121 Arelatensi
989 1069 1111 1138 episcopo
1122 1067 1219 1122 Ariane
1237 1082 1254 1119 a
1270 1064 1403 1120 catholicis
1419 1071 1463 1118 eat

296 1159 393 1223 negata
409 1153 565 1208 communio.
599 1152 738 1206 Manifesta
754 1169 815 1206 varo
833 1152 967 1208 Saturnini
983 1152 1092 1206 deiectio
1109 1157 1166 1206 tum
1185 1151 1309 1222 contigit,
1331 1167 1391 1205 carn
1411 1165 1461 1203 ex·

294 1244 412 1310 pugnato
424 1239 577 1309 Magnentio
590 1238 758 1293 Constantius
770 1239 902 1292 Areiatarn
913 1253 971 1292 sese
982 1239 1100 1293 contulit.
1135 1237 1243 1292 Constat
1253 1243 1341 1290 autam
1351 1251 1385 1290 ex
1396 1236 1461 1290 Aru·
1560 1285 1561 1314 ,

295 1324 383 1378 miano
394 1324 438 1377 lib.
448 1341 513 1378 xxn.
526 1323 678 1377 Constantio
694 1323 800 1386 nonnisi
815 1339 885 1377 anno
897 1322 993 1377 christi
1004 1337 1113 1378 ccunur.
1130 1339 1158 1376 se
1169 1341 1205 1378 rr.
1217 1327 1244 1376 et
1255 1321 1331 1376 Gallo
1343 1339 1372 1376 ιι.
1387 1335 1460 1376 coss.

296 1410 428 1462 Arelatem
448 1409 551 1463 senisse
567 1409 716 1480 ibidemque
733 1409 848 1463 natalem
865 1407 1107 1464 saumaricum
1125 1408 1277 1462 celebrasse.
1311 1405 1384 1461 Unde
1399 1421 1461 1476 par·

296 1495 416 1565 spicuam
433 1501 472 1548 est
489 1509 557 1548 auno
570 1494 675 1548 demum
687 1509 804 1549 occasu.
818 1495 931 1548 triennio
947 1494 1000 1548 iam
1016 1494 1137 1548 absoluto
1149 1493 1318 1548 sirmiensem
1329 1491 1463 1562 modun
1560 1529 1561 1546 r

295 1587 429 1652 peractam
440 1579 530 1634 baisse.
557 1579 629 1644 Quae
641 1579 745 1650 quidem
757 1579 846 1634 omnia
857 1581 895 1634 sio
906 1580 933 1634 in
945 1579 1090 1633 Annalibus
1102 1577 1262 1649 digeruntur.

363 1666 438 1719 Anno
452 1679 562 1720 counrrr.
576 1663 728 1720 (innatantia
740 1681 775 1718 vr.
792 1669 819 1718 et
835 1664 911 1720 Gallo
922 1683 951 1720 rr.
968 1681 1036 1719 coes.
1046 1665 1115 1718 ricto
1126 1663 1278 1734 Magnentio
1291 1661 1461 1718 Constantius
1560 1661 1561 1664 ’

294 1752 323 1804 in
336 1750 435 1805 Gallias
444 1750 582 1822 ,proiectos
599 1750 702 1804 Arelate
717 1749 830 1804 hiemem
845 1749 968 1804 traduxit
1002 1749 1054 1804 Ubi
1071 1749 1180 1804 concilio
1195 1749 1350 1804 Ariauomm
1365 1753 1461 1806 cuuto
1560 1791 1561 1820 ,

295 1837 432 1890 damnatur
444 1834 615 1901 Athanasius,
626 1835 750 1890 Paulinus
761 1835 927 1890 'l‘rererensis
938 1851 992 1890 una
1003 1849 1062 1889 cnm
1075 1835 1175 1906 aliquot
1185 1833 1318 1889 catholicis
1328 1833 1461 1905 episcopis
1560 1879 1561 1888 ,

295 1923 374 1975 exilio
386 1921 499 1976 multati.

363 2007 438 2060 Anno
457 2021 563 2060 occurs.
581 2004 734 2060 Constantio
748 2023 794 2063 ιιι.
812 2011 839 2060 et
856 2004 931 2061 Gallo
949 2023 988 2061 ιιι.
1005 2021 1072 2060 coss.
1091 2005 1183 2060 Gallus
1200 2004 1296 2060 Gasaar
1312 2003 1461 2058 Gomtantii

295 2093 367 2146 iussu
378 2097 493 2145 necatur.
516 2089 674 2145 Athanasius
685 2091 858 2146 Alexandriae
869 2099 987 2148 vexatur.

362 2177 438 2230 Anno
451 2191 545 2230 cccuv.
560 2177 699 2230 Arbetione
716 2179 743 2232 et
757 2176 875 2231 Lolliano
892 2193 959 2232 coss.
974 2176 1168 2234 Mediolanenae
1183 2176 1322 2232 concilium
1337 2173 1463 2230 iudicitur
1560 2223 1561 2250 ᾗ

293 2278 323 2316 ac
336 2261 481 2316 celebratur
492 2262 520 2314 in
531 2277 627 2316 caussa
638 2260 787 2327 Athanasii,
798 2269 934 2332 praesenta
946 2264 1108 2318 Constantio.
1143 2263 1194 2328 Qui
1204 2261 1345 2317 catltolicos
1355 2275 1387 2314 ac
1396 2275 1461 2314 aau-
1560 2263 1561 2296 f

294 2349 425 2402 ctissimos
443 2347 580 2418 episcopos
600 2347 671 2400 illins
688 2346 849 2400 damnationi
866 2349 1029 2402 subscribere
1045 2353 1195 2403 monentes
1211 2347 1239 2401 in
1256 2347 1364 2402 exilium
1379 2345 1461 2411 elicit,

293 2434 418 2488 nimirum
426 2433 616 2486 Vercellensem
628 2431 783 2498 Eusebium,
800 2431 956 2503 Dionysium
971 2433 1207 2498 Mediolanensem,
1223 2447 1254 2487 ac
1269 2437 1400 2504 postremo
1414 2429 1463 2486 Li·

294 2519 395 2572 berinm
411 2533 519 2590 papam,
538 2533 616 2588 quarn
627 2517 712 2572 Roma
722 2516 900 2573 Mediolanum
915 2519 1050 2574 acciverat.
1082 2517 1139 2574 Sub
1156 2518 1222 2574 haec
1232 2517 1309 2574 Oaius
1320 2533 1355 2572 ex
1364 2516 1462 2588 lliepa-

293 2605 344 2658 niis
356 2605 496 2658 accersitus
505 2603 655 2674 furensque
665 2603 810 2658 solicitatur
821 2604 849 2658 iu
859 2605 971 2676 patriam
981 2605 1065 2660 rediit.

361 2690 437 2743 Anno
447 2704 553 2744 occurs.
567 2687 720 2743 Constantio
729 2707 786 2744 ern.
798 2695 825 2743 et
832 2689 932 2744 Iuliano
945 2707 1012 2744 coes.
1021 2688 1179 2744 Athanasius
1187 2687 1299 2759 sanans
1308 2687 1374 2742 duce
1384 2701 1461 2758 gras-
1560 2731 1561 2736 ι

293 2780 367 2829 sante
386 2774 543 2828 Alexandria
563 2775 655 2845 pulsus
676 2775 752 2846 eique
773 2775 929 2829 substitutus
948 2775 1084 2847 Georgius.
1119 2773 1288 2829 Constantius
1309 2773 1461 2830 Mediolano

292 2859 404 2914 Romam
415 2861 534 2932 pervenit
543 2861 618 2914 tertio
629 2859 687 2914 Kal.
698 2859 791 2916 Maias.
826 2859 866 2914 Ibi
877 2876 894 2913 a
904 2861 1029 2916 matronis
1040 2861 1219 2932 interpellatus
1230 2859 1361 2914 Liberium
1373 2857 1461 2912 edicto

292 2951 405 3000 reuocat.
423 2945 557 2998 Eudoxius
568 2944 747 2999 Germaniciae
756 2945 893 3018 episcopus
905 2945 994 3000 andita
1001 2945 1103 3000 Leontii
1113 2951 1197 3001 morte
1205 2941 1461 3000 RomaAntioehiam

293 3031 418 3084 advolans
429 3030 518 3086 eedem
530 3037 648 3102 occupat.
672 3030 839 3085 Constantius
856 3049 891 3088 rr.
904 3030 962 3086 Kal.
974 3031 1030 3086 lun.
1046 3033 1111 3086 urbe
1126 3031 1274 3102 digrediens
1287 3031 1315 3085 in
1326 3028 1460 3101 Illyricum

293 3115 407 3170 festinat

361 3200 437 3254 Anno
450 3213 566 3256 occasu.
579 3199 731 3255 Constantio
744 3217 780 3256 rx.
793 3208 819 3255 et
829 3201 931 3256 Iuliano
942 3220 972 3258 rr.
985 3217 1053 3257 eoas.
1064 3201 1207 3256 sirmiense
1218 3202 1357 3256 concilium
1369 3217 1460 3256 eoram

294 3285 447 3340 Constantio
459 3286 626 3342 celebratum.
645 3287 675 3340 In
688 3303 739 3357 quc
751 3287 865 3358 primum
876 3287 1014 3342 damnatus
1026 3286 1152 3342 Photinus
1164 3291 1190 3341 et
1202 3303 1218 3340 a
1228 3285 1328 3342 Basilio
1339 3287 1460 3358 haynae

293 3371 415 3441 episcopo
427 3371 585 3426 confutatus.
608 3371 676 3425 'lum
687 3371 748 3425 fidei
759 3371 886 3426 formulae
897 3379 950 3427 tres
961 3374 1130 3444 conscriptae.
1153 3372 1240 3427 Prima
1253 3379 1358 3428 anctore
1368 3373 1459 3427 hiereo

293 3455 430 3509 Arethusio
444 3455 551 3511 Graeca.
586 3455 617 3510 ln
629 3472 681 3527 qua
692 3455 808 3512 damnati
819 3459 887 3512 inter
899 3464 1010 3524 caetera,
1028 3459 1073 3529 qui
1084 3475 1118 3512 err
1131 3457 1183 3512 alia
1193 3458 1354 3523 substantia,
1366 3463 1394 3512 et
1402 3473 1461 3512 non

292 3557 325 3594 ex
337 3539 385 3594 deo
396 3540 481 3594 lilium
493 3541 610 3594 extitisse
621 3541 743 3596 dicerent.
763 3543 848 3597 Habet
858 3541 925 3598 hanc
937 3544 1094 3598 Athanasius
1106 3543 1150 3599 lib.
1163 3543 1194 3596 de
1205 3541 1332 3613 synodis,
1343 3543 1460 3598 Hilarius

291 3626 337 3682 lib.
350 3625 382 3679 de
391 3625 503 3696 Synodia
515 3631 541 3679 et
553 3625 681 3680 Socrates.
699 3627 820 3682 Secunda
828 3629 920 3682 Latine
930 3629 1044 3699 primum
1055 3628 1124 3682 edita
1139 3633 1166 3682 et
1179 3627 1278 3682 Graece
1291 3627 1461 3700 postmodm

293 3727 420 3766 conseras
430 3711 499 3782 apud
511 3709 604 3764 Alban.
617 3717 644 3765 et
655 3711 788 3766 Socratem
801 3719 881 3769 extat
916 3713 989 3778 Quae
1000 3717 1042 3780 τῆς
1054 3713 1138 3776 obolas
1150 3719 1176 3768 et
1187 3710 1334 3784 lpcosoioo,
1345 3729 1395 3768 nec
1404 3729 1459 3768 uon

294 3795 436 3866 lpoccoolou
447 3797 575 3850 vocabula
586 3799 784 3853 commemorari
795 3800 889 3863 vetnit,
906 3804 1007 3870 patrem
1018 3815 1080 3853 roro
1096 3799 1223 3852 maiorem
1234 3815 1293 3853 ease
1304 3799 1359 3853 lilio
1371 3799 1460 3853 deere-

292 3883 339 3938 vit
361 3883 435 3936 Hanc
449 3881 511 3935 fidei
526 3881 715 3953 professionem
726 3885 760 3937 ab
772 3883 834 3938 0sio
850 3890 878 3936 et
887 3883 1030 3938 Potamone
1046 3884 1217 3954 conscriptam
1232 3883 1320 3954 prodit
1334 3883 1459 3939 ililarins.

293 3967 334 4020 Ex
346 3983 398 4038 quo
410 3967 485 4020 facile
498 3968 628 4038 colligitur
639 3967 707 4022 hanc
718 3985 776 4023 ease
788 3969 849 4022 tidei
863 3965 963 4038 irtaco,
979 3969 1052 4022 cuius
1068 3969 1220 4039 approbatio
1232 3969 1259 4022 ri
1274 3985 1306 4025 ac
1321 3971 1460 4024 tormenth

294 4053 327 4106 ab
337 4053 398 4106 0aio
411 4058 452 4106 eet
462 4069 593 4124 expressa
612 4053 664 4107 Sed
673 4053 728 4108 Osii
736 4055 841 4126 lapsum
849 4053 1029 4124 compensarit
1035 4052 1257 4108 hemiarianorum
1267 4054 1460 4126 propemodum

293 4135 448 4192 catholicum
457 4138 588 4192 decretum
600 4139 627 4192 in
637 4139 775 4208 Ancyrana
786 4139 899 4208 synodo,
911 4140 953 4192 oui
964 4137 1078 4192 Basilius
1089 4139 1209 4210 praefuit
1224 4139 1256 4194 lu
1267 4155 1320 4210 quo
1331 4139 1459 4195 mens

294 4220 451 4276 Sirmiauam
462 4223 596 4294 perfidiam
609 4223 753 4277 orientales
765 4224 876 4296 professi
887 4229 948 4278 sunt
957 4223 1042 4278 iillum
1055 4239 1103 4295 per
1117 4224 1217 4288 omnia,
1232 4223 1350 4296 adeoque
1365 4241 1459 4280 secun·

294 4305 356 4358 dum
368 4308 551 4374 substantiam,
570 4323 627 4360 esse
638 4309 706 4379 patri
717 4310 837 4363 similem.
870 4310 954 4373 Quam
964 4309 1153 4381 professionem
1162 4309 1237 4364 valde
1248 4309 1459 4365 commendam

294 4405 326 4442 ac
336 4393 406 4444 uofis
417 4393 572 4447 illustratam
583 4395 611 4447 in
624 4394 723 4448 Gallias
736 4394 805 4446 misit
815 4393 936 4448 Hilarius.
957 4397 994 4448 Ab
1003 4395 1115 4450 Basilius
1127 4411 1187 4450 oum
1199 4394 1367 4450 Semiariauis
1379 4397 1459 4450 some

295 4473 420 4528 Sirmium
436 4493 555 4532 reversus
573 4485 600 4531 et
614 4493 675 4532 cnm
686 4479 807 4544 Valente,
825 4477 932 4535 Ursscio
948 4481 1109 4551 caeterisque
1125 4481 1257 4551 germanis
1272 4479 1376 4536 Arianis
1396 4498 1459 4536 con-

295 4573 401 4628 gressus
412 4565 460 4614 est
477 4559 526 4624 Qui
535 4563 574 4615 lta
581 4562 687 4618 demum
698 4565 765 4618 inter
775 4579 804 4618 se
813 4562 965 4620 &natando
977 4567 1111 4622 annitente
1121 4567 1299 4633 consentiunt,
1310 4571 1341 4620 nt
1351 4565 1459 4622 sabim
