3126 5046
312 331 443 395 ccxxvl

308 494 434 565 suspicor,
452 491 521 562 quod
533 491 721 563 Aegyptiorum
738 491 846 546 deorum
861 491 972 546 ministri
987 491 1039 546 rasi
1056 497 1156 558 essent,
1173 497 1203 546 ut
1218 488 1312 562 Synna.
1323 491 1370 546 lib.
1381 491 1411 546 ds
1420 489 1465 546 En·
1551 491 1552 508 ¹

308 595 375 634 com.
390 578 505 643 (ialritii,
517 577 646 633 Plutarch.
659 583 733 630 tract
746 577 777 631 de
789 575 870 642 Iside,
883 577 977 648 aliique
990 578 1136 649 complures
1148 577 1306 648 significant,

338 699 341 706 ·
375 664 406 717 N.
420 681 447 718 rr.
471 660 543 714 ’lul’
555 661 600 714 οὐκ
612 659 701 733 ἔμεινεν
714 662 804 733 αὐτῷ]
831 663 904 716 Hane
917 662 1037 733 Origenla
1049 660 1185 716 historiam
1196 678 1226 716 ao
1238 663 1342 732 lapsum
1352 669 1469 716 revocant

307 751 335 803 in
347 749 454 803 dubium
466 749 580 802 Annales
590 748 778 814 Ecclesiastiei,
791 763 860 802 anno
873 763 965 804 ccnrrr.
976 765 1049 802 num.
1059 763 1129 814 cxx,
1142 753 1168 802 et
1178 747 1314 818 deinceps,
1326 748 1394 813 imo,
1405 747 1469 818 qnod

307 835 420 905 amplius
433 839 486 900 est,
502 835 588 887 locum
604 835 684 887 istum
696 850 747 904 quo
759 833 872 888 namatio
884 834 931 888 ills
942 833 1088 888 continetur
1100 839 1250 906 suspectum
1261 833 1385 898 reddunt,
1401 833 1470 904 qussi

307 921 341 973 ub
354 921 440 989 aliquo
452 935 587 990 perperam
599 919 633 972 sit
641 919 761 973 insertus.
780 919 895 983 Quorum
904 919 953 973 hoc
961 919 1091 990 posterius
1099 919 1234 990 perspicue
1242 919 1354 984 falsum,
1365 919 1470 972 alterum

205 1025 227 1066 p.
237 1014 281 1056 ees.
307 1021 359 1058 uon
372 1005 436 1058 satie
448 1005 600 1075 probatum,
618 1009 756 1074 utrumque
773 1005 913 1058 levioribus
931 1005 1086 1058 coniecturis
1104 1005 1224 1058 innixum
1240 1008 1281 1057 est
1296 1019 1378 1075 qnam
1393 1010 1421 1058 ut
1431 1019 1470 1056 re-

306 1091 451 1144 tustissimo
460 1091 677 1160 sanctissimoque
686 1090 754 1160 patri
763 1089 828 1143 iides
837 1087 885 1142 hae
893 1090 921 1142 in
929 1095 1002 1160 parte
1014 1089 1161 1160 derogetur.
1178 1087 1361 1144 Commentum
1373 1093 1425 1154 est,
1435 1089 1470 1142 iu·

307 1177 413 1246 quiunt,
431 1183 458 1229 et
472 1175 594 1228 affectata
611 1175 754 1240 calumnie,
773 1175 842 1246 qnod
854 1175 885 1228 de
897 1173 1017 1245 Origsuis
1028 1175 1104 1245 lapsu
1117 1191 1133 1228 a
1144 1175 1276 1229 nonnullis
1287 1175 1390 1229 iacitur.
1422 1173 1471 1228 Onr

306 1263 343 1314 ita
358 1261 482 1315 tandem?
506 1260 635 1324 Quoniam
647 1261 803 1330 scriptorum
814 1265 930 1314 veterum
942 1275 1033 1325 neme,
1046 1261 1091 1332 qui
1101 1260 1144 1313 rel
1154 1275 1201 1331 pro
1214 1258 1327 1330 Origene
1338 1259 1471 1330 apologias

306 1346 454 1411 ediderunt,
472 1347 513 1400 rel
530 1347 617 1416 ipsum
636 1361 650 1398 e
668 1347 797 1398 contrario
814 1346 917 1416 scriptis
933 1345 988 1399 suis
1005 1351 1201 1417 oppugnarunt,
1218 1345 1275 1398 eius
1291 1345 1330 1399 rei
1346 1345 1470 1398 meminit

306 1433 385 1502 Atqui
396 1449 444 1486 nos
456 1429 631 1502 Epiphaniam
643 1432 812 1502 opponimus,
829 1447 880 1502 quo
893 1447 978 1501 neque
990 1431 1162 1502 antiquiorem
1173 1436 1303 1496 autenm,
1317 1447 1404 1501 neque
1415 1445 1470 1501 gra·

306 1518 405 1572 riorum
423 1517 553 1588 requirere
571 1517 708 1582 debemus,
726 1517 771 1587 qni
789 1517 819 1570 tle
838 1516 950 1587 Origene
969 1517 1042 1570 uelut
1061 1523 1221 1587 compertam
1242 1531 1297 1570 rem
1313 1516 1472 1585 minimeque
1502 1512 1512 1536 ’

306 1601 412 1656 dubiem
428 1602 492 1656 illud
503 1603 590 1672 ipsum
601 1602 698 1656 retulit
728 1601 758 1655 In
770 1619 822 1673 quo
833 1617 993 1673 magnopere
1004 1600 1201 1672 ponderandum
1211 1600 1282 1655 istud
1299 1607 1354 1666 est,
1371 1602 1470 1671 quoties

306 1687 434 1741 eiusmodi
447 1688 544 1758 aliquid
556 1687 678 1759 proponit
688 1686 863 1758 Epiphanius,
881 1688 951 1758 quod
967 1687 999 1740 sd
1011 1687 1121 1741 alicuius
1134 1687 1212 1740 etiam
1223 1687 1340 1756 alioquin
1351 1684 1471 1740 hametici

306 1787 337 1825 ae
353 1773 446 1828 nefarii
463 1772 577 1827 hominis
594 1773 719 1826 invidiam
735 1771 960 1843 ignominiamque
976 1772 1099 1844 pertinet,
1119 1771 1146 1825 id
1164 1773 1187 1824 si
1204 1771 1298 1825 dubiae
1314 1771 1471 1842 minimeque

306 1859 451 1912 constantie
462 1858 547 1912 ismae
560 1859 605 1923 sit,
623 1859 750 1912 nonnulle
766 1873 826 1913 eum
844 1858 1012 1912 excusatione
1024 1873 1055 1911 ac
1067 1857 1208 1910 titubanter
1219 1857 1253 1910 ab
1264 1857 1310 1911 illo
1322 1855 1470 1928 significari,

306 1949 384 2013 atque
398 1943 445 1996 hee
457 1944 585 2014 imprimis
597 1945 695 2009 caven,
706 1960 740 1996 ne
751 1944 851 1998 incerta
861 1960 889 1998 re
901 1941 1128 1998 commemoranda
1139 1948 1236 1996 certam
1248 1941 1327 1996 alicui
1337 1937 1470 1995 inis'miarn

305 2045 336 2080 ac
348 2027 459 2080 dedecus
470 2029 596 2099 imponat.
629 2029 685 2082 lloc
695 2045 756 2082 rere
768 2029 826 2082 loco
837 2029 937 2082 nullam
953 2027 1100 2082 istiusmodi
1116 2027 1262 2082 cautionem
1280 2026 1412 2091 adhibuit,
1428 2027 1471 2080 sed

306 2129 366 2165 cum
378 2113 409 2165 de
421 2114 496 2183 lapsu
508 2119 534 2166 et
545 2113 641 2166 iniecto
652 2119 709 2166 ture
721 2119 863 2179 constaret,
876 2113 925 2167 hoo
936 2129 1018 2168 unum
1030 2113 1145 2184 excepit,
1156 2112 1226 2183 quod
1238 2113 1262 2166 si
1272 2129 1365 2166 rernm
1377 2119 1429 2178 est,
1440 2111 1469 2164 ad

306 2197 495 2250 sublevandum
507 2197 646 2268 Origenem
658 2198 739 2263 valet,
750 2199 936 2254 nonnullorum
947 2198 1039 2253 iactari
1050 2198 1227 2263 sermonibus,
1238 2211 1406 2268 nequaquam
1416 2197 1469 2251 Ori·

305 2297 400 2351 genem
412 2283 498 2352 ipsum
510 2289 552 2336 tus
565 2283 721 2346 adolevisse,
733 2283 778 2336 sed
790 2285 918 2338 eumelus
930 2283 1019 2354 digitis
1032 2289 1101 2338 esset
1111 2283 1274 2354 impositum,
1286 2283 1314 2336 in
1326 2283 1470 2338 subiectum

307 2381 367 2420 erse
376 2367 462 2420 iorum
471 2384 487 2421 a
496 2368 636 2438 gentilibus
646 2383 787 2422 excussum
795 2368 885 2424 fuisse.
919 2369 994 2434 Quod
1005 2369 1086 2440 igitur
1097 2369 1125 2422 in
1135 2367 1291 2422 sacrificium
1303 2383 1336 2422 so
1347 2369 1469 2422 maiorem

305 2453 409 2506 sceleris
421 2458 521 2524 partem
536 2454 696 2507 consenserit
708 2453 849 2524 Origenes,
866 2455 974 2509 minime
990 2453 1117 2508 dubitarit
1132 2451 1305 2524 Epiphanius,
1322 2459 1412 2508 utrum
1427 2469 1468 2507 ex·

304 2555 424 2610 pressum
435 2537 485 2592 hoc
497 2540 530 2592 ab
542 2539 623 2592 inrito
637 2538 738 2593 facinus
755 2539 871 2594 eiusdem
887 2555 969 2594 manu
985 2539 1195 2594 administratum
1206 2537 1295 2604 inerit,
1310 2538 1338 2592 id
1348 2555 1411 2593 rere
1425 2538 1467 2592 dn-

305 2624 403 2676 bitarit.
422 2623 522 2677 Oasteri
535 2625 580 2694 qui
588 2625 629 2678 rel
641 2625 800 2695 antiquiores
811 2623 969 2697 Epiphanio,
981 2625 1022 2678 rel
1033 2625 1103 2678 illius
1114 2624 1240 2696 temperis
1252 2624 1380 2696 suppares
1391 2629 1467 2689 mant

304 2710 398 2778 partim
410 2709 530 2779 Origeuis
542 2726 631 2764 amore
642 2710 853 2776 dissimularunt,
870 2711 965 2782 partim
977 2709 1047 2780 quod
1058 2709 1092 2762 ad
1102 2725 1158 2763 rem
1169 2710 1278 2764 minime
1287 2709 1400 2777 mmet,
1410 2709 1467 2763 seri·

303 2794 388 2848 Mnde
400 2796 635 2866 praetermiserunt.
652 2795 738 2866 Atque
746 2795 875 2850 Eusebius
888 2793 1004 2866 quidem,
1016 2799 1107 2866 utpute
1119 2795 1240 2865 Origenis
1251 2793 1401 2861 admirator,
1410 2811 1467 2849 con·

304 2879 372 2932 sulio
384 2885 414 2932 ut
426 2881 568 2946 omitteret,
579 2881 673 2936 iecisse
684 2881 792 2936 ridetur.
827 2881 895 2935 Nam
906 2880 971 2934 nihil
983 2895 1073 2934 eornm
1084 2881 1179 2946 tacuit,
1196 2895 1262 2950 quse
1274 2880 1307 2934 ed
1319 2879 1391 2934 illias
1402 2897 1468 2934 eom·

303 2964 508 3032 mandationem,
519 2965 585 3020 nihil
597 2967 694 3032 attulit,
706 2966 775 3036 qnod
787 2965 820 3019 sd
831 2965 999 3020 minuendam
1010 2965 1234 3020 existimationem
1245 2966 1351 3019 ualeret.
1368 2965 1468 3035 Reliqui

304 3055 358 3102 tem
368 3049 496 3116 lautores,
513 3067 591 3120 quern
603 3051 747 3104 adversarii
758 3051 893 3122 Origenis,
910 3067 971 3105 cunr
987 3050 1019 3104 de
1034 3050 1120 3122 impiis
1137 3051 1193 3104 eius
1209 3050 1377 3122 dogmatibus
1394 3057 1467 3121 alque

304 3135 434 3188 erroribus
451 3137 477 3188 in
493 3141 625 3190 certamen
641 3136 895 3208 disputationemque
905 3137 1050 3202 renOsent,
1067 3136 1144 3190 iaclle
1162 3141 1343 3207 conmmpsere
1359 3142 1466 3190 caetera

304 3220 341 3272 Ac
352 3219 466 3290 proiecto
479 3220 511 3274 de
523 3237 553 3274 eo
566 3209 671 3274 ciimine
683 3222 753 3274 sileri
765 3237 781 3274 a
791 3221 964 3276 sanctissimis
975 3222 1037 3275 uiris
1050 3221 1238 3292 aequissimum
1248 3221 1310 3287 init,
1328 3222 1403 3276 cuins
1413 3227 1466 3275 tan·

303 3309 392 3376 tepere
408 3306 482 3359 illum
498 3306 657 3375 poenituisse
674 3307 782 3373 echert,
800 3321 834 3361 ne
850 3306 963 3362 hominis
979 3307 1121 3361 memoriae
1138 3307 1263 3360 insultare
1279 3307 1467 3376 obtrectarique

303 3389 369 3442 velle
378 3379 466 3462 petius
479 3407 558 3460 quam
569 3407 668 3444 errores
679 3389 803 3446 damnare
813 3392 970 3448 riderentur.
991 3392 1030 3446 De
1042 3393 1100 3446 aliis
1106 3432 1113 3458 ,
1125 3407 1238 3463 quorum
1249 3393 1348 3463 euripis
1358 3409 1411 3447 non
1422 3407 1466 3446 ex·

303 3479 372 3540 tant,
383 3477 555 3545 pronunciare
566 3477 671 3530 nonnisi
681 3482 778 3532 temere
789 3493 938 3548 pessumus.
961 3477 1049 3532 Altera
1060 3479 1088 3532 iu
1099 3478 1244 3532 Annalibus
1255 3477 1404 3532 conisnms
1413 3493 1467 3532 nou

302 3561 361 3632 plus
372 3561 501 3628 veritatis,
512 3562 599 3614 minue
611 3562 690 3616 etiam
701 3563 891 3634 probabilitatis
902 3562 988 3617 habet.
1014 3563 1195 3617 lialsissimum
1207 3561 1277 3616 enim
1288 3568 1331 3616 est
1338 3564 1466 3618 intextam

302 3644 369 3700 hanc
380 3645 524 3717 Epiphanio
535 3647 658 3700 laciniam
669 3663 740 3714 esse,
752 3665 811 3702 cum
823 3665 908 3719 neque
920 3647 952 3702 de
963 3649 1031 3718 stylo
1040 3649 1098 3720 ipso
1108 3647 1221 3702 turturi
1228 3649 1327 3720 possit,
1338 3653 1366 3702 st
1375 3649 1466 3720 quibus

302 3731 329 3784 id
341 3732 501 3803 argumentis
513 3731 632 3798 efficitur,
643 3733 712 3786 levia
723 3733 788 3798 sint,
799 3734 853 3787 imo
864 3733 946 3789 nulla.
980 3733 1155 3805 Epiphanius,
1166 3733 1263 3804 inquit,
1273 3733 1341 3788 libro
1353 3733 1385 3789 de
1394 3735 1468 3789 hien-

303 3819 369 3872 snris
381 3833 412 3871 ae
422 3817 582 3872 Ponderibus
593 3819 670 3888 plane
682 3819 810 3872 contraria
821 3817 915 3874 docuit.
949 3817 1046 3874 Scribit
1056 3819 1139 3873 enim:
1160 3819 1291 3872 Flumine
1305 3817 1433 3889 Ονίςειω
1448 3837 1467 3871 n

303 3904 452 3974 temporibus
463 3903 626 3974 Deciumque
638 3905 676 3956 ed
688 3905 791 3957 Gallum
803 3913 828 3957 ei
841 3903 1011 3957 Voluainsmss.
1045 3901 1097 3958 Ubi
1107 3905 1258 3974 voxflerut't
1272 3921 1328 3958 nen
1342 3904 1411 3958 iden
1425 3911 1468 3957 esi

303 4001 333 4041 ac
341 3993 417 4054 cs'cit,
428 3987 474 4041 sed
485 3987 648 4059 splendorem
660 4005 695 4042 ex
706 3987 823 4042 doctrina
834 3990 981 4059 quaesitum
992 3988 1130 4060 significat
1148 3990 1183 4042 ht
1193 3989 1216 4043 si
1226 3995 1284 4043 turn
1294 3989 1385 4060 lapsus
1396 3997 1468 4042 esset

303 4071 441 4144 Origenes,
452 4089 506 4128 non
516 4075 591 4128 illum
602 4073 723 4128 duruisse
734 4073 830 4128 diceret
840 4072 1010 4145 Epiphanius.
1029 4073 1126 4129 Verum
1137 4071 1252 4145 ἀκμάζειν
1261 4080 1288 4128 st
1295 4071 1388 4128 florere
1396 4071 1468 4144 apud

303 4156 475 4229 chronologos
487 4158 552 4213 nihil
563 4158 632 4213 alind
644 4164 684 4212 est
695 4173 775 4228 quam
786 4159 964 4214 commendari
974 4160 1067 4230 vulgo,
1085 4164 1112 4214 et
1126 4159 1154 4214 iu
1166 4159 1255 4230 aliqua
1264 4165 1372 4232 propter
1381 4157 1468 4213 erudi·

302 4242 399 4296 tinnem
413 4249 458 4296 aut
469 4245 591 4298 virtutem
607 4244 720 4298 nominis
738 4244 852 4298 claritete
863 4245 969 4300 versari.
1003 4245 1075 4299 Hanc
1092 4259 1154 4299 rere
1171 4244 1304 4299 doctrinas
1320 4245 1414 4299 iamm
1432 4259 1467 4298 ιο

303 4327 464 4397 splendorem
474 4328 581 4400 Origeni
588 4345 672 4400 usqne
681 4329 751 4400 prior
761 4329 807 4382 ills
818 4329 979 4384 idololatriae
990 4330 1079 4401 culpa,
1091 4346 1171 4402 quam
1179 4330 1340 4402 poenitentia
1348 4329 1467 4394 diluent,

303 4413 400 4482 eripere
409 4412 509 4478 debuit,
519 4429 604 4484 nsque
612 4415 739 4485 posterior
747 4419 786 4467 tot
797 4429 828 4468 sc
839 4420 894 4469 lam
905 4415 1087 4486 multiplicium
1095 4414 1247 4470 marescum
1257 4415 1369 4470 miamia
1378 4414 1469 4485 potnit

304 4497 457 4566 opprimere.
491 4498 589 4552 Deinde
600 4500 666 4554 falso
678 4499 787 4553 Decium
797 4515 844 4570 pro
857 4500 953 4554 Serere
964 4499 1007 4553 hic
1018 4507 1172 4570 usurpatum
1183 4502 1216 4556 ιδ
1227 4499 1373 4572 Epiphanio
1382 4499 1467 4570 paulo

203 4597 224 4642 p.
233 4589 278 4634 sss.
303 4587 363 4636 ante
375 4579 516 4635 docuimus.
540 4581 689 4640 Secundum
700 4583 764 4640 haee
775 4583 940 4655 Augustinus
951 4585 1026 4639 nobis
1039 4585 1167 4653 oblinitur,
1179 4587 1225 4657 qni
1236 4601 1296 4640 cunr
1308 4585 1340 4639 de
1351 4583 1467 4654 Origene
