3126 5046
1109 315 1266 373 CCLXXXI

104 595 198 652 Novi
221 593 386 662 Quirinum
406 597 455 652 lix
472 595 634 652 vitonum
655 592 795 651 retroit
815 593 1031 650 testimoniis
1054 593 1110 648 Rlll
1134 591 1265 648 GESTAE

515 681 632 737 SERIES
654 679 858 736 EXPONITUR.

170 819 283 891 Pergam
291 819 324 874 de
331 819 446 874 bietorlie
455 826 482 874 et
490 819 627 873 unnalibne
636 819 888 874 ecclesiacticiebene
896 816 1266 888 mereriecquemadmodum

104 905 183 976 dln'gi
193 905 308 960 veritetie
320 904 354 959 ad
365 906 491 959 annuerim
503 904 625 970 debeant,
642 921 787 976 proponam
803 904 853 958 hoc
870 905 927 957 loco
939 903 1058 969 breviter,
1076 909 1105 956 ut
1120 902 1167 956 hac
1185 901 1266 956 offen·

103 991 178 1044 eione
196 991 300 1044 subluto
315 996 413 1044 rectam
429 991 550 1061 deincepe
572 992 641 1045 rium
658 1005 750 1044 umnec
766 991 897 1044 metebant
930 989 1037 1042 Initium
1053 1005 1070 1042 a
1087 988 1195 1042 concilio
1213 987 1267 1042 Sir-

103 1075 200 1131 mieoei
210 1077 325 1146 capiam,
338 1077 408 1146 qood
424 1081 515 1130 oonma
525 1073 710 1130 Photinleuum
719 1075 816 1145 dogma
827 1075 964 1128 collectum
973 1090 989 1127 a
998 1073 1150 1128 Constantio
1163 1079 1210 1127 eet.
1227 1073 1267 1127 De

104 1177 157 1230 qno
165 1161 331 1216 venheimnm
340 1179 397 1216 eece
406 1168 500 1228 emino,
512 1160 582 1232 quod
591 1161 712 1215 Socrutee
720 1177 751 1214 ac
760 1161 921 1214 Soromennc
933 1160 1098 1230 ecripeeront,
1109 1159 1268 1212 celebratum

104 1261 162 1300 ecre
173 1245 268 1316 Sergio
279 1263 310 1300 ao
321 1247 445 1318 Nigriano
457 1263 525 1301 coeo.
536 1262 606 1302 auno
618 1245 714 1300 Obrieti
726 1259 823 1310 occur,
835 1245 904 1315 quod
916 1247 973 1299 eine
984 1243 1062 1298 dubio
1078 1261 1112 1298 ex
1126 1245 1191 1298 actis
1206 1261 1267 1300 con·

103 1331 157 1384 ciiii
165 1331 317 1385 sirmiensis
326 1339 487 1403 compertum
495 1331 647 1386 habuerant.
663 1333 718 1385 Hoc
730 1332 800 1385 enim
812 1330 1010 1401 cooperioribue
1020 1331 1182 1396 abstulimus,
1193 1345 1267 1401 pree·

104 1417 195 1469 mutim
204 1433 238 1470 ex
246 1415 354 1470 lrletoria
362 1417 480 1488 Sulpitii,
492 1417 621 1487 synodum
629 1419 702 1472 illam
711 1423 772 1470 ante
782 1417 929 1470 drclotenee
939 1423 965 1469 ei
973 1415 1120 1469 biterrense
1128 1417 1267 1470 concilium

104 1501 230 1554 indictum
240 1502 336 1568 iubeo,
352 1501 402 1556 boc
419 1509 459 1556 eet
476 1509 536 1556 ante
553 1517 651 1556 annom
666 1517 775 1556 ccccm.
809 1501 892 1572 Igitur
903 1502 931 1554 in
943 1517 1041 1554 annum
1052 1502 1126 1554 illum
1139 1502 1267 1566 convenit,

104 1603 183 1657 quem
194 1585 312 1640 hicterici
322 1593 422 1642 reterca
433 1587 597 1642 adnotarunt.
627 1587 680 1642 Sed
690 1589 718 1640 in
730 1605 760 1640 eo
772 1587 923 1640 hallucinati
935 1593 1007 1650 eunt,
1020 1586 1161 1656 quodcum
1172 1586 1267 1656 triplex

104 1671 195 1726 Sirmii
206 1671 277 1726 edita
288 1679 357 1726 eecct
367 1673 428 1728 fidei
439 1673 579 1744 protensio,
595 1690 647 1726 nno
666 1673 808 1742 eodemque
825 1677 941 1742 tempore
958 1675 985 1723 et
1001 1687 1018 1724 a
1034 1669 1134 1740 synodo
1152 1671 1268 1725 decretae

104 1773 196 1812 umnec
207 1757 400 1813 annumerent.
435 1761 469 1812 ot
484 1759 511 1812 id
522 1775 598 1812 eeeue
609 1775 666 1819 cese
677 1757 764 1812 hebet.
798 1756 865 1810 Nem
876 1757 904 1808 in
916 1757 1025 1810 concilio
1036 1757 1172 1810 Sirmiensi
1183 1758 1268 1828 prima

105 1842 290 1896 duntaxatilla
301 1843 462 1910 dictumest,
479 1861 531 1914 qua
541 1843 690 1898 Photiniani
707 1859 805 1898 erronee
823 1841 985 1906 damnantur,
1003 1855 1133 1912 quamque
1150 1843 1267 1912 ulpiam

104 1941 135 1980 aa
147 1926 303 1982 catholicum
315 1929 451 2000 descripsit
468 1937 546 1999 eique
558 1929 698 1999 explicavit
708 1929 829 1982 Hilarius.
860 1927 1015 1996 Quanquam
1026 1928 1055 1980 in
1065 1927 1156 1980 eadem
1167 1928 1267 1997 synodo

104 2011 229 2066 adremon
240 2013 412 2068 Athanasium
430 2015 527 2085 aliquid
543 2019 677 2084 praeterea
694 2013 826 2068 decretum
842 2013 875 2066 ab
887 2013 990 2066 Arianis
1007 2018 1117 2066 tentatur
1134 2013 1268 2084 Sulpitiua

104 2099 188 2152 Autor
198 2114 260 2152 vero
272 2099 423 2154 Sirmieneie
434 2100 503 2154 illiue
514 2101 643 2154 lormnlae
658 2117 712 2154 non
723 2101 827 2152 Marcus
839 2097 1005 2163 memmius,
1020 2099 1066 2152 ced
1077 2099 1192 2168 eynodue
1203 2100 1269 2170 ipea,
1294 2115 1316 2155 o·
1324 2104 1369 2146 ³¹⁸·

104 2191 134 2236 nt
144 2183 259 2238 Hilarius
270 2185 364 2238 innuit
387 2185 453 2239 llam
465 2201 482 2239 a
492 2186 581 2240 Marco
593 2186 680 2251 tertia,
691 2191 722 2239 ut
732 2201 779 2239 eoo
791 2185 849 2238 loco
862 2185 967 2250 dicotur,
979 2190 1019 2238 cet
1030 2185 1186 2255 conscripta.
1207 2183 1270 2239 Poct

105 2269 248 2324 Sirmienae
264 2270 404 2324 concilium
419 2272 617 2342 convictumque
632 2271 666 2325 ab
678 2271 816 2340 Ancyrano
828 2269 927 2324 Basilio
943 2276 970 2323 ct
979 2271 1012 2324 ab
1028 2261 1149 2324 omuibus
1161 2271 1269 2324 damna·

104 2359 160 2410 tum
171 2353 323 2420 Photinum,
335 2372 395 2410 cum
406 2357 460 2410 iam
470 2357 638 2427 Mugoentm
651 2373 667 2410 a
678 2356 823 2410 Constantii
833 2356 928 2426 legatie
939 2356 1056 2410 &metue
1067 2363 1146 2420 eecet,
1157 2357 1268 2426 impera·

103 2445 144 2494 tor
155 2456 227 2495 aune
239 2455 349 2498 ooonm.
360 2442 388 2496 in
401 2441 498 2496 Galliae
510 2442 642 2512 proiectu·
654 2449 699 2496 eet
723 2443 760 2496 Ac
776 2447 833 2496 tum
844 2443 995 2495 Arelatenec
1011 2441 1211 2494 conciliabulum
1227 2457 1269 2496 cc·

103 2525 228 2592 lebratur,
245 2526 273 2580 in
289 2543 342 2598 quo
359 2528 476 2599 plerique
493 2527 612 2582 catholici
626 2529 758 2599 praesules
771 2529 876 2582 exulare
893 2527 969 2592 ioeei,
987 2531 1123 2596 momente
1135 2525 1268 2582 Saturnini

171 2696 237 2750 Inde
248 2712 317 2750 auno
329 2713 424 2752 occur.
436 2699 576 2752 Arbetione
593 2704 619 2752 et
634 2698 751 2752 Lolliano
768 2714 836 2752 coeo.
852 2713 912 2750 com
928 2699 981 2750 ium
992 2695 1159 2750 Oonetautiur
1171 2696 1269 2750 Medio·

104 2781 196 2836 hom
206 2784 379 2853 pervenisset,
390 2784 507 2852 synodus
518 2784 614 2838 ibidem
625 2793 665 2837 eet
675 2782 777 2848 habita,
789 2789 941 2853 coetumque
953 2787 1037 2852 geete,
1050 2797 1118 2852 qnae
1129 2797 1145 2834 a
1155 2781 1268 2836 Beronio

105 2867 244 2938 diligenter
255 2869 427 2938 explicantur.
449 2868 480 2922 ln
490 2869 597 2939 reliquie
608 2873 702 2940 nutam
713 2869 835 2924 Annales.

171 2955 250 3006 Anno
262 2968 378 3008 occurri.
390 2953 492 3018 Sirmii,
510 2969 562 3024 qno
578 2956 719 3024 imperator
734 2971 803 3008 anno
816 2955 948 3023 superiore
959 2969 1017 3007 eece
1028 2953 1184 3018 contulerat,
1199 2969 1269 3007 nora

103 3037 166 3092 fidei
176 3039 309 3108 experitic
320 3039 411 3109 poucie
422 3040 456 3094 cb
466 3039 568 3092 Arianis
580 3040 717 3110 episcopie,
728 3040 880 3110 praesertim
890 3039 1100 3104 occidentalibus,
1111 3039 1269 3109 procuditur,

104 3139 218 3194 quorum
228 3125 359 3195 principes
370 3129 446 3178 erant
456 3123 579 3178 Ureeciue
594 3131 621 3177 et
633 3125 735 3179 Velcne.
771 3125 819 3178 Cui
835 3141 898 3178 mox
915 3125 1013 3178 invitos
1031 3141 1061 3178 ac
1078 3126 1192 3178 renitens
1209 3125 1271 3178 licet

104 3209 248 3264 mbeeriblt
263 3209 354 3274 Ocior,
371 3226 425 3264 non
441 3215 531 3263 tamen
547 3209 719 3263 Athanasium
737 3217 765 3263 ut
782 3211 917 3264 damnaret
933 3209 1025 3263 adduci
1042 3211 1138 3280 potuit;
1156 3211 1225 3281 quod
1241 3211 1269 3264 in

103 3293 188 3365 Epiri.
197 3293 231 3348 ad
239 3293 478 3350 Solitdtbcneeiur
486 3295 544 3365 ipec
552 3295 696 3350 confirmat.
714 3295 829 3366 Contigit
837 3295 901 3348 baec
908 3295 962 3348 Oeii
971 3296 1105 3348 calamitae
1115 3295 1208 3350 effecto
1217 3296 1270 3350 mm

104 3395 176 3436 auno
185 3393 303 3434 ooourn.
321 3379 422 3451 Quippe
433 3385 494 3450 poet
504 3397 604 3434 annum
614 3381 757 3450 integrum,
770 3395 849 3450 qoam
861 3381 949 3434 Sirmii
961 3379 1137 3435 ailonctontio
1149 3382 1269 3436 detentor

103 3471 169 3530 eret,
180 3465 294 3520 inme
309 3465 466 3536 prolaeeioni
481 3465 601 3518 assentiri
618 3471 724 3519 coectua
742 3473 789 3518 cet.
812 3466 1025 3519 trecasenum
1042 3466 1129 3532 Iunio,
1146 3469 1188 3520 vel
1204 3467 1269 3524 Iulio

104 3551 235 3604 dunmxet
245 3567 335 3604 menae
347 3551 410 3604 anni
421 3550 561 3621 superioris
570 3549 659 3604 Sirmii
671 3565 729 3604 ecee
737 3553 830 3621 potnit,
841 3556 871 3604 ut
881 3567 961 3621 eapte
969 3552 1108 3621 probatum
1121 3557 1167 3606 eet.
1185 3551 1270 3616 Quare

103 3637 175 3690 circa
185 3635 257 3689 idem
265 3641 368 3706 tempue
377 3651 447 3689 anno
456 3641 581 3705 sequente
590 3643 692 3690 extorto
701 3637 802 3691 videtur
810 3638 844 3690 ab
853 3635 915 3689 Orio
925 3637 1064 3706 perfidiore
1074 3637 1120 3690 illa
1131 3638 1268 3693 conleeeio.

102 3721 152 3774 Eat
162 3724 253 3776 aulem
269 3737 301 3774 ea
315 3717 406 3781 teonis
422 3719 567 3786 Sirmium,
585 3738 663 3791 quem
681 3722 822 3776 recondam
839 3738 928 3774 omnee
946 3729 1084 3775 numerant
1101 3739 1219 3794 quaeque
1235 3724 1269 3776 ab

101 3806 206 3861 Hilario
216 3803 380 3876 btmpbcmtc
391 3805 445 3859 Oeii
457 3821 488 3858 oo
499 3807 610 3860 Potamii
621 3809 777 3860 nominatur.
795 3807 878 3860 liuius
890 3823 949 3860 cum
957 3808 1068 3861 Arianos
1079 3815 1171 3878 postea
1180 3808 1269 3878 poeni·

101 3894 213 3956 munt,
229 3907 335 3962 operam
346 3891 483 3956 dedorunt,
501 3898 530 3946 ut
540 3908 573 3946 ee
583 3893 679 3962 ubique
690 3894 899 3964 supprimeretur,
917 3895 1069 3964 interposita
1085 3894 1163 3946 etium
1177 3895 1268 3963 inper.

101 3981 248 4049 metato,
265 3977 310 4046 qui
327 3977 483 4048 supplicium
500 3977 545 4041 lie,
563 3977 608 4047 qui
624 3978 697 4030 illem
713 3995 793 4047 penes
809 3995 837 4032 ee
853 3979 1004 4044 retinerent,
1021 3979 1202 4032 interminatus
1220 3983 1268 4034 eet.

101 4065 188 4117 butor
199 4061 322 4116 Socrates
334 4063 379 4118 lib.
388 4081 417 4118 n.
430 4077 486 4133 cop.
496 4079 558 4117 ur.
580 4063 629 4116 Per
643 4063 713 4116 idem
729 4069 831 4134 tempus
842 4064 959 4118 Liberius
970 4065 1102 4134 pontiierc,
1119 4062 1203 4132 quiin
1215 4064 1269 4116 lte-

102 4147 252 4203 diolanenei
264 4148 373 4201 concilio
385 4153 446 4202 onte
458 4147 605 4212 biennium,
622 4147 671 4202 hoo
684 4154 725 4202 eet
736 4163 804 4201 enno
817 4163 920 4214 ccccv,
937 4149 1064 4203 llerocam
1081 4148 1269 4218 glorioeieeime

101 4235 239 4304 relegatur
250 4233 347 4297 iuerat,
360 4231 507 4286 Constantii
518 4234 637 4303 imperti.
650 4241 677 4286 et
687 4235 841 4288 Arienorum
852 4233 987 4286 fraudibus
998 4251 1028 4286 ae
1039 4233 1180 4287 terroriboe
1191 4234 1269 4288 inira

101 4327 176 4384 ctu,
188 4319 268 4372 ebnul
278 4317 468 4390 recuperandae
479 4317 548 4372 eedie
561 4321 588 4370 et
597 4319 696 4387 petrice
707 4319 846 4384 decidente,
864 4319 987 4372 Sirmium
1002 4323 1123 4372 evocetur
1134 4319 1270 4374 Athanasii

102 4404 271 4459 damnatiom
286 4404 440 4474 subeoripsit
455 4419 560 4473 unoque
575 4402 636 4456 fidei
650 4403 839 4472 proieeelonem
855 4404 936 4467 dedit,
953 4419 1005 4472 qna
1019 4407 1063 4454 τοῦ
1081 4402 1213 4473 ipcouclou
1225 4423 1269 4460 vo·

101 4490 231 4546 eubulum
246 4488 399 4542 concordiae
415 4487 499 4558 gretia
514 4487 670 4551 reticeretur,
687 4487 749 4541 licet
762 4487 844 4542 tilium
859 4489 927 4558 patri
938 4488 1085 4542 cubetontie
1097 4491 1268 4562 omnibusque

100 4579 131 4634 iu
141 4576 224 4634 reboo
237 4573 353 4630 eiunilem
367 4572 593 4630 momentonea
629 4573 715 4638 Quem
732 4574 894 4630 concionem
904 4574 1001 4632 Veleoe
1018 4581 1044 4632 et
1060 4573 1183 4634 Ureactuc
1199 4577 1269 4634 mco
