3138 5044
1188 283 1275 340 cm

117 427 292 500 Epiphaniam
307 447 393 486 meros
408 449 511 488 menses
522 433 637 488 iuuenes
653 434 804 506 intelligere.
838 435 906 490 Nam
917 435 1053 506 Audpnaei
1068 435 1111 504 τὴν
1123 437 1194 504 tue-qe
1206 439 1274 509 (per-

117 531 206 585 peram
217 514 288 568 [acco
299 517 426 588 scriptum
437 519 485 586 esti
497 535 557 572 cunr
570 538 604 572 vr.
615 520 669 574 lan.
681 527 822 591 comparat
847 521 947 576 Rursus
959 523 1030 576 enim
1041 523 1135 576 vitiosa
1145 525 1221 578 lectio
1234 529 1276 578 est

117 599 215 670 stipatu
227 599 389 672 Ἰανουαρὰου,
402 621 448 674 pre
461 603 525 670 iarn.
549 605 665 658 Tametsi
674 603 812 660 Gomarius
824 613 936 676 quintam
946 607 1070 660 lancearii
1077 609 1193 672 uenerit,
1204 609 1273 679 qnod

116 687 248 767 nonnuliis
259 687 396 758 imposuit,
408 689 453 758 qui
463 687 527 743 baec
538 687 630 760 lipiph.
638 689 718 744 ruba
730 689 777 761 πρὰ
790 685 857 742 ὀκτὼ
866 689 947 744 Eleus
958 693 995 745 sic
1007 694 1138 763 accepisse
1147 693 1273 759 ridentur,

116 773 192 842 quasi
203 778 273 826 esset
282 773 347 843 prid.
358 791 414 829 vin.
423 773 516 840 Sidus,
528 773 577 828 hoc
588 781 629 827 eet
639 774 721 830 Nonis
733 775 797 846 ipsis
808 776 930 830 Ianuarii.
951 777 1004 830 Sed
1015 777 1063 848 πρὰ
1077 773 1143 830 ὀκτὼ
1155 777 1235 830 Εἰδῶν
1247 785 1275 832 st

115 857 215 910 similes
225 858 349 928 loquendi
359 859 486 914 formulae
497 858 596 914 Latinis
606 859 670 914 iisce
680 861 838 931 respondent
848 877 871 914 a.
881 861 905 916 d.
915 879 970 916 ιιιι.
982 862 1019 916 Id.
1031 869 1092 928 etc,
1106 862 1155 918 hoc
1165 869 1206 918 est
1216 865 1273 934 ipso

115 941 156 996 die
167 961 224 998 ιιιι.
235 941 286 1008 ld,
302 949 333 996 ut
347 949 374 997 et
387 944 450 998 alibi
466 944 625 1016 scripsimus,
661 943 745 1010 Quare
757 963 791 1000 ex
802 947 881 1017 priori
889 953 952 1000 uota
967 947 1031 1014 diei,
1046 947 1096 1002 hcc
1111 953 1153 1002 est
1168 967 1225 1004 ιιιι.
1237 949 1273 1003 ld.

114 1027 181 1092 lan,
193 1028 346 1098 corrigenda
356 1046 410 1082 vox
422 1029 520 1100 ripert-p
531 1035 558 1084 et
568 1031 596 1084 in
607 1029 664 1096 latu
676 1031 808 1086 mutanda
826 1031 900 1096 Quod
912 1041 938 1086 et
946 1033 1014 1103 'lybi
1024 1033 1134 1100 Actiaci,
1146 1035 1201 1088 siue
1213 1035 1274 1090 Dio·

114 1113 249 1179 cletianei,
264 1114 319 1168 dies
335 1116 393 1185 ipsa
404 1115 574 1181 demonstrat,
590 1116 663 1170 cuius
675 1135 712 1172 ιι.
725 1117 753 1171 in
764 1136 799 1172 ιι.
810 1117 865 1172 Ian.
877 1119 1006 1175 conuenit.
1029 1121 1067 1175 Ac
1079 1119 1179 1173 videtur
1194 1121 1221 1173 in
1233 1138 1273 1188 eo,

114 1198 183 1268 quod
196 1199 314 1268 quintam
324 1199 437 1254 Ianuarii
449 1200 517 1256 diem
528 1219 575 1273 pro
587 1206 663 1256 sexte
674 1203 798 1274 sumpsit,
810 1204 929 1274 mysterii
940 1205 1037 1274 aliquid
1049 1221 1115 1258 esse.
1138 1205 1273 1276 Siquidem

114 1289 139 1336 et
147 1284 428 1357 Constantinopolitani
439 1291 531 1358 postea
542 1287 686 1342 v.lanuarii
694 1288 735 1342 die
744 1289 903 1360 baptismum
913 1285 1006 1342 Ghristi
1018 1290 1191 1356 celebrabant,
1203 1291 1272 1361 quod

112 1369 180 1423 iuri.
189 1371 269 1440 uulgo
279 1371 415 1436 confertur,
428 1378 457 1425 ut
469 1389 503 1426 ex
511 1373 640 1426 Mmuelis
648 1371 757 1428 Novella
766 1393 784 1430 ι.
796 1374 827 1428 de
835 1373 917 1428 Feriis
928 1381 954 1428 et
967 1373 1120 1446 (luropalste
1133 1376 1271 1446 colligitur.

179 1455 249 1508 Κατὰ
257 1453 390 1526 Κυπρίους,
402 1455 478 1509 sirone
487 1457 669 1528 Σαλαμινίους]
685 1457 744 1512 Non
756 1464 808 1524 est,
820 1465 849 1513 ut
861 1459 966 1530 quidam
979 1461 1124 1526 existimat,
1135 1467 1272 1531 corruptus

112 1539 152 1594 liic
164 1539 258 1612 Spiplr.
271 1541 356 1607 loeus,
372 1543 399 1596 in
414 1543 513 1596 mensis
528 1544 708 1614 appellatione.
731 1543 799 1598 Nam
808 1544 863 1600 lan.
875 1546 908 1598 ab
920 1545 981 1598 illus
992 1544 1103 1609 Quintus
1115 1547 1272 1612 nominatur,

111 1631 140 1678 ut
155 1642 173 1678 a
188 1625 298 1680 Reman.
311 1626 445 1693 Quintilis,
461 1628 582 1694 Sextilis,
599 1629 751 1700 September
767 1634 816 1684 ete.
851 1629 903 1683 Sed
919 1629 1043 1683 mendum
1058 1631 1086 1684 in
1098 1647 1161 1684 voce
1173 1631 1271 1700 πέμπτη

111 1701 223 1764 subesse
235 1712 322 1783 potins
339 1713 457 1768 arbitror.
491 1713 548 1767 Nisi
565 1731 581 1766 a
597 1713 651 1768 lan.
664 1713 777 1768 secundo
790 1713 904 1784 Πέμπτον
921 1715 1048 1784 auspicati
1063 1716 1116 1768 sint
1127 1713 1272 1770 Salaminii.

111 1795 163 1849 Sed
166 1797 340 1875 jeusimilim
358 1804 398 1851 est
414 1797 506 1869 llpiph.
519 1805 564 1852 ant
580 1799 635 1852 eius
648 1799 795 1862 librarium,
811 1815 870 1852 oum
885 1799 1035 1870 imprudens
1052 1799 1150 1869 πέμπτῃ
1166 1805 1210 1852 τοῦ
1222 1798 1271 1851 Ἰα-

110 1881 224 1950 νοναρίον
233 1883 379 1952 scripsisset
386 1901 432 1954 pro
443 1883 512 1952 ἕκτῃ,
521 1883 590 1938 idern
598 1885 625 1938 in
635 1884 836 1938 Salaminiorum
846 1901 935 1938 mense
943 1884 1043 1939 iecisse.
1060 1884 1176 1954 Apparet
1184 1889 1272 1937 autem

109 1983 143 2018 ex
161 1965 284 2021 hocloco
301 1966 458 2022 Salaminios
473 1985 572 2022 annum
588 1985 604 2022 a
619 1969 752 2040 Septemb.
765 1967 812 2024 lul.
824 1969 881 2024 Kal.
894 1969 1043 2040 auspicatos
1060 1986 1131 2033 esse,
1148 1969 1217 2038 quod
1233 1969 1270 2022 iu·

109 2051 232 2106 dictionis
244 2054 357 2124 annique
369 2053 538 2126 primordium
550 2053 829 2126 Constantinopolitani
840 2062 933 2126 postea
943 2054 1127 2127 praefixerunt.
1221 2041 1232 2068 ‘

176 2137 247 2190 Κατὰ
257 2137 366 2209 Παφίους
378 2137 474 2192 'lou'ltoc
486 2138 757 2210 nccupecautbsader
779 2141 863 2210 Igitur
878 2140 928 2194 Iuli
942 2141 1041 2194 mensis
1057 2139 1159 2194 initium
1171 2157 1187 2192 a
1199 2158 1270 2194 xxiv.

107 2221 170 2276 Dec.
194 2221 246 2286 Qui
257 2225 280 2278 si
290 2225 407 2278 Iulianus
417 2225 481 2290 init,
497 2225 619 2280 credibile
636 2231 676 2280 est
691 2225 725 2279 ab
742 2227 907 2296 aequinoctio
918 2243 998 2280 verno
1010 2227 1111 2280 circiter
1122 2241 1220 2278 annum
1232 2225 1270 2278 in·

107 2309 210 2380 cepisse
221 2309 343 2380 Papirios.
367 2309 434 2364 llam
446 2311 470 2364 si
480 2309 552 2364 Iulus
563 2311 699 2366 lanuarias
711 2317 764 2377 est,
776 2312 874 2366 mensis
886 2312 920 2366 ab
931 2312 976 2366 illo
989 2311 1078 2366 tertius
1090 2311 1118 2366 in
1129 2327 1191 2366 eum
1202 2311 1271 2366 dem
1337 2358 1341 2374 ,

107 2394 297 2465 propemodum
310 2395 416 2462 desinit,
429 2397 474 2466 qui
485 2397 651 2468 aequinoctio
664 2397 795 2466 quondam
806 2397 946 2451 attributus
958 2402 1006 2450 est.

175 2478 245 2532 Κατὰ
257 2476 368 2551 Ἄραβας
379 2479 498 2552 ’AltupuJ
522 2482 551 2536 ln
563 2483 680 2552 vulgaris
690 2483 806 2536 Arabum
817 2483 950 2538 mensibus
966 2499 1052 2552 neque
1067 2483 1171 2548 Aleum,
1188 2499 1272 2552 neque
1338 2493 1340 2496 ·

107 2566 153 2636 qni
163 2563 487 2637 postea¹commemoratur
495 2566 699 2638 Augaltbabaith
710 2569 797 2622 locum
809 2569 891 2622 udum
902 2567 988 2622 habet.
1009 2567 1061 2620 Sed
1072 2584 1156 2638 neque
1167 2568 1271 2621 lunares

106 2667 213 2708 memes
229 2652 274 2706 uti
290 2657 364 2717 sunt;
381 2653 406 2705 si
422 2652 527 2722 quidem
542 2654 570 2706 in
586 2653 640 2707 lan.
650 2673 684 2707 ιι.
696 2653 788 2708 Aleum
800 2669 854 2706 xxi.
871 2653 981 2717 ineidat,
1000 2667 1066 2722 qnae
1082 2657 1136 2704 tum
1150 2652 1204 2704 dies
1216 2659 1272 2706 erat

105 2737 184 2791 lunae
197 2753 262 2802 an,
278 2738 349 2806 cyclo
362 2757 380 2793 r.
403 2737 471 2794 Nam
484 2739 622 2792 neomenia
634 2755 667 2792 ex
678 2738 842 2792 Ptolemaicis
854 2738 958 2792 Mulieri
968 2737 1075 2790 Tabulis
1087 2738 1199 2808 contigit
1208 2737 1270 2795 Dec.

105 2823 146 2876 26.
159 2822 184 2876 S.
197 2819 265 2888 32¹„
281 2823 353 2892 cyclo
368 2823 419 2888 19.,
431 2839 500 2878 anno
511 2823 612 2878 Iuliano
625 2841 695 2878 nure.
719 2823 757 2876 De
768 2820 973 2892 Augaltlrsbeith
983 2821 1052 2874 idem
1063 2827 1154 2892 postea
1165 2822 1270 2878 demeu-

104 2909 241 2962 strabitur.
264 2907 391 2972 Quocirca
401 2909 517 2962 noudnm
527 2909 646 2962 lunarem
657 2923 756 2962 aunum
773 2907 805 2960 ad
820 2907 922 2962 civilem
933 2923 1012 2960 usum
1023 2907 1122 2960 Arabes
1134 2909 1272 2962 transtule-

104 3000 172 3048 rant.
197 2991 266 3046 Nam
279 3009 339 3046 cnm
350 2994 449 3047 Arabes
460 2994 580 3048 nominat
590 2991 762 3064 Epiphanius,
773 2993 901 3046 maiorem
912 2993 982 3046 illins
994 2993 1080 3062 gentis
1092 2993 1271 3064 potioremque

104 3085 208 3150 partem
221 3077 350 3149 intelligit.
372 3081 410 3132 Ac
422 3078 489 3132 Scal.
505 3079 523 3134 l.
534 3097 563 3134 u.
581 3079 613 3132 de
624 3079 731 3134 Emeum.
743 3079 848 3152 Temp..
865 3085 891 3132 et
901 3079 970 3148 leeg.
983 3077 1047 3132 Gan.
1062 3078 1079 3133 l.
1092 3097 1121 3134 ιι.
1134 3095 1165 3130 ac
1177 3097 1215 3134 ιιι.
1227 3096 1271 3132 ve-

104 3173 173 3220 teres
182 3164 284 3218 Arabes
294 3163 426 3235 Galippics
437 3164 591 3218 anniiorusa
603 3181 664 3218 usos
676 3181 734 3220 esse
743 3164 870 3234 decernit,
882 3171 912 3218 ut
923 3168 949 3217 et
958 3162 1102 3218 Chaldaeos
1113 3179 1143 3218 ac
1152 3164 1271 3230 ludaeos,

103 3251 224 3304 Arabum
233 3265 294 3304 sero
304 3249 433 3320 duplicem
444 3265 543 3304 annum
551 3249 625 3316 iacit,
638 3251 748 3304 alterum
757 3249 962 3316 Damascenum,
974 3250 1029 3304 sire
1037 3249 1217 3319 linguonum,
1229 3250 1272 3304 cui

104 3335 281 3390 desultoriam
292 3334 461 3390 intercalandi
473 3351 572 3390 morum
584 3336 713 3400 attribuit,
726 3335 800 3388 euius
811 3334 932 3405 periodus
945 3350 1065 3390 ccxxuur
1076 3335 1152 3388 annis
1164 3336 1271 3389 Iulianis

104 3421 211 3487 delinit,
223 3421 252 3474 in
263 3436 315 3491 qua
325 3437 428 3474 menses
440 3437 530 3478 omum
542 3421 695 3492 singillatim
704 3437 802 3474 annum
811 3419 935 3476 inchoant
943 3421 1110 3491 vicissimque
1118 3421 1270 3474 terminant:

104 3509 218 3562 alteram
230 3507 292 3560 anni
303 3507 431 3560 rationem
443 3507 540 3560 omissa
550 3507 746 3560 intercalatione
757 3507 870 3577 solutam
882 3523 912 3560 ac
923 3512 1052 3560 retentam
1064 3523 1097 3560 ex
1108 3508 1185 3559 annis
1197 3507 1270 3560 luna·

104 3595 178 3648 ribus
194 3591 359 3662 simplicibus
377 3592 523 3658 constituit,
541 3607 619 3662 quam
636 3592 670 3646 ab
686 3589 757 3644 Indis
775 3591 837 3644 olim
853 3597 1019 3662 usurpatam,
1034 3597 1126 3663 postea
1141 3593 1220 3645 etiam
1237 3593 1270 3646 ab

104 3679 239 3734 Arabibua
252 3677 456 3748 praesertimque
467 3673 664 3732 Mahumedanie
680 3677 761 3730 docet
796 3675 864 3730 Nam
879 3677 924 3746 qui
939 3678 972 3730 ab
989 3677 1087 3748 Hegira
1102 3683 1271 3732 numerentur

104 3765 168 3818 anni
183 3763 260 3818 nullo
275 3763 478 3818 intercalationis
489 3762 578 3816 fraeno
596 3762 702 3832 coerciti
712 3779 758 3832 per
768 3761 897 3816 lulianam
908 3763 1002 3816 seriem
1015 3763 1122 3834 impune
1133 3767 1270 3832 vagantur.

105 3849 181 3912 Quod
193 3849 218 3901 si
230 3849 289 3918 quis
300 3849 415 3918 requirat
430 3847 499 3900 unde
510 3847 643 3918 Scaligeru
661 3852 762 3900 constet
772 3852 889 3902 vetustos
901 3847 998 3902 Arabes
1015 3847 1183 3902 desultoriam
1198 3847 1270 3902 illam

105 3933 282 3990 intercalandi
289 3934 402 3988 formam
414 3933 482 3986 cirili
493 3933 644 4003 praesertim
656 3949 706 3986 usu
716 3933 843 3998 tenuisse,
860 3939 906 3986 ant
921 3933 1031 3987 eandem
1046 3933 1155 3986 subinde
1167 3939 1270 3986 retexu-

106 4019 169 4084 isse,
181 4035 214 4074 ao
226 4035 298 4074 mere
309 4019 426 4072 lunarem
438 4017 606 4089 praetulisse,
623 4033 656 4072 ne
673 4033 755 4072 uuum
772 4017 876 4088 quidem
887 4019 1039 4089 scriptorem
1050 4017 1125 4072 affert
1136 4018 1180 4088 qui
1192 4017 1218 4070 id
1229 4019 1271 4072 rel

105 4103 240 4158 letissime
251 4103 368 4160 suadeat.
392 4103 476 4168 Quare
488 4103 550 4158 dum
566 4101 690 4158 confictas
704 4103 762 4157 illas
774 4103 889 4158 matum
901 4105 1020 4174 periodos
1033 4103 1214 4176 operosissime
1226 4105 1271 4158 de·
1296 4149 1318 4192 μ’
1327 4140 1372 4184 Μ

107 4191 210 4256 scribit,
222 4188 273 4244 hoe
284 4198 324 4244 est
334 4189 437 4244 somnia
448 4205 497 4244 sua
507 4189 680 4260 prosequitus,
698 4195 724 4242 et
735 4205 782 4244 suo
794 4195 821 4242 et
831 4189 934 4244 lectoris
947 4190 1000 4244 etio
1011 4191 1213 4260 intemperanter
1224 4191 1269 4244 ab·

107 4277 196 4330 noun.
218 4273 275 4338 Quo
288 4275 392 4345 quidem
403 4275 431 4328 in
442 4275 549 4344 negotio
560 4281 602 4328 est
612 4274 676 4328 illud
687 4290 751 4328 sane
762 4253 917 4340 iucnirdum,
930 4275 999 4346 qued
1011 4274 1120 4328 eandem
1131 4275 1202 4330 illam
1214 4293 1269 4346 per.

108 4377 175 4430 quae
187 4377 223 4416 ex
236 4375 355 4414 ccxxvnr
366 4359 474 4414 Iulianis
486 4359 575 4425 annis,
587 4359 704 4414 Arabicis
716 4376 790 4426 reru,
801 4361 843 4414 vel
855 4361 960 4426 solutis,
973 4375 1079 4414 ccxxxv
1091 4367 1206 4426 constat,
1223 4363 1269 4416 ali-

107 4447 168 4500 cubi
180 4447 359 4515 excogitatam
371 4462 387 4498 a
398 4463 426 4498 se
438 4444 520 4510 dicet,
531 4445 662 4498 alibivero
673 4445 706 4498 ab
716 4445 843 4498 Arabibus
856 4446 1033 4516 etllagarenis
1045 4447 1078 4500 ab
1091 4447 1164 4500 initio
1176 4447 1269 4500 Iuliani

108 4531 171 4586 anui
186 4537 316 4606 repertam
332 4535 358 4586 et
373 4531 520 4586 institutam
531 4530 681 4603 imprudens
692 4536 800 4586 asserat
822 4529 926 4586 Etenim
936 4531 954 4588 l.
964 4551 993 4590 ιι.
1006 4531 1037 4588 de
1049 4531 1155 4588 Emend.
1167 4549 1193 4604 p.
1205 4531 1268 4598 134,
