3138 5044
1171 279 1287 338 CLXVII

118 435 150 490 de
163 436 215 490 diei
227 437 332 492 ludaico
345 437 483 508 principio,
500 438 554 491 sive
572 441 647 492 nocte
664 436 843 504 antecedente,
860 438 927 491 solet
940 437 1067 510 usurpari
1090 435 1148 490 Non
1161 437 1230 508 quod
1241 438 1287 492 lux

117 523 208 594 aliqua
219 523 274 576 sive
287 523 376 588 lunae,
393 523 447 576 sive
464 523 598 576 stellarum
616 523 709 576 saltem
725 523 810 576 oriens
824 529 953 594 utcunque
966 521 1034 575 diem
1046 523 1200 593 auspicetur,
1218 524 1285 594 quod

118 607 291 662 Gesaubonns
303 609 330 662 in
341 608 455 662 Exarsit.
466 624 535 673 xva,
552 623 623 662 unm.
637 625 680 661 xv.
691 625 781 662 verum
800 608 946 672 existimat;
964 614 993 661 nt
1009 624 1067 660 com
1083 607 1168 661 Lucas
1181 609 1218 662 ait
1230 625 1285 680 cap.

116 711 209 758 unx,
226 693 273 746 542
291 692 466 763 soleditates
478 691 619 763 tripondes,
636 694 673 746 sic
685 692 865 764 accipiendum
877 694 911 746 sit
926 699 955 747 ut
967 693 989 746 si
1001 693 1122 758 dixisset,
1139 693 1179 744 acl
1191 691 1286 762 {iripol-

117 795 175 830 σαεν
187 777 203 844 ἡ
216 778 305 844 σελήνη
317 777 332 846 ἡ
345 775 441 849 ἄγουσα
453 777 481 830 το
495 777 625 846 σάββατον.
661 779 731 832 Haec
749 779 819 832 enirn
835 780 965 832 sententia
980 777 1145 831 subabsurda
1161 784 1187 831 et
1198 795 1286 848 super-

116 879 235 918 vacanea
243 864 351 918 videtur.
364 865 459 918 Verum
469 863 620 934 simpliciter
629 869 655 916 et
664 865 735 916 nullo
745 865 795 916 clio
806 864 945 918 subaudito
955 860 1099 933 larpcteaev
1108 869 1150 916 est
1158 873 1285 934 oppetere,

116 949 159 1002 vel
170 953 252 1012 iscire,
264 953 412 1004 adventare.
447 950 502 1003 Hoc
519 954 607 1002 autem
624 965 656 1002 ex
674 965 704 1002 eo
721 956 812 1002 natum
827 950 939 1002 arbitror
951 949 1019 1019 qood
1032 965 1091 1002 cum
1103 949 1188 1020 prima
1199 965 1229 1002 ac
1240 965 1285 1002 na-

116 1039 191 1090 turae
203 1035 319 1088 maxime
331 1040 506 1089 consentanea
516 1034 566 1088 diei
578 1035 718 1106 appellatio
730 1035 814 1088 lucem
827 1034 970 1105 significet,
982 1039 1117 1105 tempusve
1130 1035 1162 1087 ab
1175 1040 1232 1087 ortu
1244 1052 1285 1088 so·

114 1121 148 1173 lis
161 1121 195 1173 ad
205 1137 338 1186 occasum,
350 1121 488 1192 pleraeque
497 1119 716 1191 posternatioues
725 1120 804 1174 variis
814 1127 960 1192 temporum
970 1121 1050 1173 initiis
1059 1120 1207 1173 constitutis
1217 1120 1285 1173 diem

115 1205 289 1260 nibilominus
306 1205 469 1277 appellarunt
485 1206 599 1276 spatium
614 1205 678 1260 illud
693 1207 831 1276 ternporis,
849 1207 918 1276 quod
935 1207 968 1258 ab
985 1223 1015 1258 eo
1032 1211 1128 1276 puncto
1150 1204 1219 1274 quod
1236 1205 1285 1256 sibi

115 1295 264 1346 statuerant
275 1292 308 1344 ad
319 1291 388 1346 idem
399 1296 525 1362 punctum
538 1291 686 1344 revolvitur.
705 1289 789 1356 Quare
802 1297 830 1344 ut
841 1292 868 1344 in
880 1291 1004 1362 primaria
1015 1290 1060 1344 illa
1072 1307 1102 1343 ac
1111 1277 1224 1342 naturali
1235 1289 1286 1342 diei

115 1377 224 1431 notione
236 1375 379 1448 iarpdcxcrv
391 1377 493 1448 proprie
506 1376 560 1430 dies
576 1376 677 1442 dicitur,
696 1377 765 1446 quod
782 1378 838 1430 eius
855 1377 930 1430 initio
947 1377 987 1429 sol
1004 1377 1092 1440 oritur,
1111 1381 1139 1428 ut
1156 1382 1181 1428 et
1197 1374 1284 1445 ἡμέρα,

114 1459 165 1514 ἄπο
178 1466 222 1528 τῆς
234 1459 305 1530 ἠοῦς,
317 1463 355 1514 ita
365 1463 499 1515 translatis
511 1462 544 1514 ad
556 1463 669 1532 reliques
680 1461 778 1516 formas
788 1463 839 1514 diei
848 1461 1065 1532 appobatiouibus
1075 1461 1144 1514 idem
1152 1459 1202 1513 hoc
1211 1475 1285 1512 usur-

114 1553 208 1617 patum
220 1547 288 1600 initii
299 1547 455 1600 vocabulum
467 1553 520 1612 eat;
536 1548 586 1600 etsi
602 1548 688 1600 minus
707 1563 786 1618 qnam
798 1548 849 1600 illic
862 1547 972 1618 proprie.
1008 1546 1069 1599 Sive
1080 1547 1161 1616 igilur
1173 1562 1188 1598 a
1199 1545 1287 1598 media
1311 1560 1334 1600 v·
1342 1548 1386 1592 ¹⁸⁸·

114 1639 206 1697 nocte,
224 1632 279 1685 sive
291 1648 307 1684 a
318 1633 437 1697 meridie,
455 1633 510 1686 sive
522 1633 555 1686 ab
567 1633 641 1686 initio
653 1633 749 1698 noctis,
765 1633 816 1686 diei
832 1639 963 1702 repetatur
975 1632 1124 1696 exordium,
1141 1629 1284 1700 ἐπνφώσκενν

113 1719 216 1788 ubique
228 1717 295 1783 dies,
312 1718 361 1772 boc
373 1724 413 1772 ast
424 1717 540 1772 inchoari
551 1723 576 1770 et
588 1718 652 1771 inire
665 1718 816 1788 simpliciter
828 1718 934 1772 dicetur.
958 1715 1181 1782 Quemadmodum
1194 1733 1285 1786 νουμη-
1317 1775 1321 1785 .

114 1803 167 1863 νίας
185 1819 239 1856 vox
257 1819 317 1856 curu
334 1810 484 1857 nascentem
501 1803 592 1856 lunam
609 1805 710 1874 proprie
728 1803 869 1873 siguificat,
890 1803 923 1855 ad
944 1803 1031 1856 omnia
1051 1802 1181 1854 mensium
1202 1801 1284 1865 initia,

113 1889 196 1942 etiam
209 1889 315 1942 minime
326 1889 458 1942 tunulum
470 1888 631 1954 transfertur,
642 1894 706 1959 puta
717 1889 914 1942 tricenariornm
927 1894 952 1940 et
963 1889 1175 1958 Agyptiacorum.
1211 1885 1284 1940 Unde

113 1973 166 2026 alia
178 1979 221 2026 est
232 1973 349 2045 νουμηνία
361 1973 424 2026 κατὰ
435 1972 547 2043 σελήνην,
559 1975 611 2028 alia
624 1973 653 2026 οὐ
666 1971 728 2026 κατὰ
741 1975 851 2040 σελήνην.
869 1973 924 2027 Hoc
937 1989 986 2044 ego
999 1989 1078 2026 sensu
1090 1975 1126 2041 τῷ
1139 1968 1283 2040 ἕπιφώσκειν

113 2061 293 2130 evangelistas
305 2059 457 2130 simpliciter
469 2075 530 2113 usos
539 2059 658 2114 arbitror.
676 2058 710 2112 Ut
722 2077 781 2112 cum
793 2057 885 2112 Mattb.
897 2075 1061 2129 capxxvrrr,
1075 2059 1097 2110 l.
1108 2058 1146 2110 ita
1156 2057 1283 2127 loquitur:

112 2143 179 2216 ’Orbi
189 2143 217 2196 bi
226 2148 275 2196 τῶν
284 2142 414 2214 σαββάτων
424 2150 453 2215 τῇ
463 2143 636 2216 ἐπιφωσκούσῃ
646 2143 678 2206 εἶς
688 2144 744 2216 μίαν
754 2147 803 2196 τῶν
816 2143 955 2214 σαββάτων.
974 2143 1024 2197 Ubi
1036 2144 1106 2198 nulla
1119 2143 1283 2213 argutatione

113 2247 182 2302 opus
195 2237 237 2284 eet
248 2235 278 2284 nt
288 2231 330 2284 vel
341 2230 396 2284 dies
407 2231 465 2301 ipsa
477 2246 494 2283 a
505 2235 581 2284 nocte
592 2232 719 2302 incipiens
731 2236 787 2284 tum
799 2231 918 2294 demum,
930 2247 990 2284 cum
1001 2231 1040 2283 sol
1050 2227 1131 2282 oritur
1140 2225 1282 2297 ἐπιοώσκειν

112 2317 227 2381 dicam,
244 2317 286 2370 vel
302 2322 332 2370 ut
346 2317 409 2370 luna
427 2321 471 2368 aut
487 2315 572 2369 sidere
587 2316 783 2371 subaudiantur.
814 2315 881 2368 Nam
897 2315 937 2370 bic
949 2315 1114 2368 meoiudicio
1126 2330 1219 2366 sensns
1231 2317 1281 2366 est:

112 2401 249 2456 Confectis
261 2402 391 2466 sabbatis,
402 2401 457 2455 sive
469 2400 632 2455 hebdomade
643 2407 761 2472 peracte,
773 2401 813 2454 die
825 2402 957 2474 sequenti,
974 2417 1041 2470 quae
1052 2401 1136 2452 inibat
1147 2417 1207 2452 cnm
1218 2399 1284 2452 feria

111 2489 215 2560 primm
231 2487 300 2558 quod
316 2488 430 2558 apertius
442 2485 527 2540 Lucae
545 2503 600 2558 cap.
611 2505 699 2552 nnc,
715 2486 756 2542 54.
771 2487 928 2540 declaratur:
953 2485 998 2537 Καὶ
1010 2485 1089 2557 ἡμέρα
1100 2479 1129 2554 ᾖν
1142 2483 1282 2554 παρασκευὴ

113 2573 155 2626 καὶ
166 2571 291 2642 σαββάτον
301 2569 435 2643 ἔπέφωσκε.
451 2571 501 2624 Ubi
509 2573 618 2626 uerbum
627 2570 753 2642 tatqosors
762 2573 861 2625 nullam
870 2573 954 2625 luceru
964 2570 1106 2642 significat,
1116 2570 1161 2622 sed
1170 2570 1282 2622 initlum.

109 2660 147 2714 At
158 2658 232 2730 apud
243 2657 417 2729 Epiphaniam
427 2657 455 2710 in
467 2657 636 2728 dispositione
644 2657 716 2711 Fidei
726 2673 798 2712 num.
809 2675 873 2710 xrrr.
885 2658 952 2710 circa
964 2655 1124 2726 gallicinium
1141 2657 1182 2720 τῆς
1200 2671 1282 2723 κυρια-

111 2750 156 2812 κῆς
170 2743 358 2814 ἐπιφωσαοῠσης
371 2744 436 2797 solvi
449 2741 569 2814 paschale
585 2743 708 2796 ieiunium
729 2743 829 2807 dicitur,
846 2740 895 2795 boc
911 2747 951 2793 est
965 2745 1026 2812 post
1042 2739 1155 2792 mediam
1171 2747 1282 2803 noctem,

111 2848 196 2902 aqua
208 2829 277 2883 diem
289 2828 429 2884 Christiani
440 2827 571 2882 inchoant.
605 2829 671 2880 Item
687 2827 764 2898 paulo
781 2833 843 2897 post
858 2827 947 2880 scribit
963 2825 1101 2880 nonnullos
1118 2823 1282 2880 hebdomada

110 2921 207 2972 sanda
217 2915 326 2986 vigilare
338 2913 381 2981 τὴν
393 2914 455 2985 μετὰ
466 2912 508 2980 τὴν
525 2913 637 2983 πέμπτην
653 2911 840 2982 ὶπνφώσκουσαν
857 2909 888 2972 εἷς
904 2911 932 2963 τὸ
950 2910 1130 2983 προσάββατον.
1166 2909 1216 2963 Ubi
1232 2907 1281 2961 ἔπι-

111 3004 222 3072 φώσκειν
230 3001 332 3056 videtur
342 3001 446 3071 proprie
457 2999 614 3068 sumpsisse,
626 2999 701 3068 quasi
710 3015 763 3052 nox
773 2997 895 3069 postridie
906 2998 1033 3062 lucescat,
1045 2995 1093 3049 boc
1106 3001 1146 3049 est
1157 2997 1184 3049 in
1196 2997 1280 3049 lucem

110 3089 226 3143 desinat.
250 3085 358 3140 Noctem
370 3086 439 3138 enim
450 3084 573 3154 iutelligit
584 3099 651 3154 quae
662 3099 828 3154 parascevem
840 3083 978 3155 praecedit.

180 3170 273 3228 llaltrr
282 3168 409 3231 ἀνάστασις
416 3166 593 3242 νοὶῑσημτρία.]
611 3168 650 3222 En
661 3169 753 3222 erroris
763 3176 954 3240 argumentum.
973 3167 1279 3240 christomenimquom

109 3259 281 3331 aequinoctio
293 3258 350 3328 ipso
361 3256 533 3310 resurrexisse
546 3254 683 3319 didicerat,
699 3253 748 3308 hoc
766 3261 805 3308 est
821 3273 882 3308 xxv.
893 3255 993 3320 Martii,
1012 3271 1042 3308 eo
1055 3255 1094 3307 die
1106 3256 1280 3308 resurrexisse

109 3345 236 3408 credidit,
255 3359 306 3414 quo
321 3343 476 3398 Diocletiani
493 3347 609 3412 tempore
627 3341 820 3410 aequinoctium
836 3341 933 3394 incidit.
971 3341 1038 3394 Nam
1055 3358 1088 3393 ex
1101 3341 1233 3404 Anatolio,
1250 3345 1281 3393 ut

109 3433 215 3504 opinor,
232 3435 259 3482 ct
269 3427 452 3482 Alexandrinis
463 3426 593 3480 veteribus
609 3426 802 3496 aequinoctium
813 3427 901 3480 Martii
913 3445 977 3481 xxu.
994 3426 1095 3490 statuit,
1112 3442 1172 3479 cum
1189 3425 1279 3478 Nicae-

109 3535 177 3572 num
189 3516 292 3586 aliquot
302 3515 377 3568 annis
389 3518 481 3584 postea
491 3513 519 3565 in
529 3511 682 3565 vicesimum
693 3511 806 3584 primum
817 3513 941 3565 intulerit.
959 3511 1031 3565 Unde
1043 3512 1087 3581 qui
1099 3515 1279 3564 successerunt

108 3601 286 3658 Alexandrini
299 3599 439 3670 scriptores
451 3597 577 3662 rn.Kal.,
593 3597 641 3651 boc
659 3603 699 3650 est
715 3615 769 3650 xxa
781 3598 880 3661 Martii,
898 3597 1090 3667 aequinoctium
1107 3596 1233 3661 fixerunl;
1249 3603 1279 3649 ut

107 3692 181 3744 inter
189 3686 257 3740 alios
266 3685 397 3739 Pretorius
407 3681 599 3736 Alexandrinus
611 3683 680 3754 apud
692 3681 790 3736 Bedcm
801 3683 847 3735 lib.
859 3683 890 3734 de
899 3683 1170 3752 Aequinoctllernali,
1183 3682 1228 3750 qai
1239 3687 1279 3734 est

108 3783 184 3828 torno
197 3791 238 3826 rrr.
272 3771 298 3823 Ia
316 3770 423 3840 iuquam
440 3787 501 3821 xxv.
512 3767 687 3832 Phammoth,
704 3767 748 3838 qui
760 3773 801 3820 est
812 3785 858 3820 xn.
869 3765 927 3820 lial.
937 3769 1008 3838 Apr.‚
1021 3767 1214 3838 aequinoctium
1226 3767 1278 3819 col·

107 3859 223 3922 locavit,
240 3855 334 3910 Leonis
348 3871 431 3925 papae
448 3854 618 3924 temporibus.
653 3852 744 3922 Itaque
757 3851 905 3922 μνημονικὸν
917 3857 958 3905 cst
969 3850 1100 3923 &piperque
1112 3851 1278 3906 eruditissimi

106 3943 231 4015 liep1eri,
246 3941 308 3994 dnm
320 3941 346 3993 in
358 3937 463 4010 Eclogis
475 3955 535 4009 pag.
548 3937 603 3992 193.
626 3937 770 3990 Pretorium
782 3937 819 3990 ait
830 3937 898 3990 circa
909 3939 1012 3990 initium
1024 3937 1178 3990 Diocletiani
1190 3938 1278 4006 acqui·

107 4031 233 4085 noctium
243 4045 279 4080 ιι.
288 4025 346 4080 Kal.
359 4025 502 4088 definiiss03
519 4023 564 4076 sed
576 4023 697 4076 Anatolio
709 4022 735 4075 id
747 4023 880 4087 convenit,
897 4023 970 4076 cuius
985 4023 1084 4075 illustre
1101 4022 1277 4091 fragmentum

107 4113 239 4170 describit
248 4111 375 4164 Eusebius
386 4111 429 4164 lib.
439 4127 484 4164 vrr.
497 4125 552 4179 cap.
563 4127 634 4164 xxvr.
648 4125 681 4160 ex
693 4107 810 4161 eiusdem
820 4107 988 4162 Pascbalibus
997 4107 1158 4172 (lenonibus,
1171 4107 1239 4177 quod
1251 4115 1277 4161 et

106 4201 186 4256 Beda
198 4201 387 4252 commemorat
397 4195 441 4248 lib.
454 4195 485 4248 de
497 4195 678 4264 Aequinoctio,
695 4193 741 4246 ubi
756 4201 782 4246 et
794 4193 908 4246 Anatolii
922 4193 1000 4246 verba
1014 4209 1046 4246 ex
1064 4192 1276 4262 depravatissimo

106 4285 215 4340 Rnffini
227 4282 438 4352 interpretatione
449 4297 584 4351 perperam
597 4279 821 4350 acceptaalienam
831 4280 858 4331 in
867 4279 1023 4332 sententiam
1032 4277 1173 4348 detorquet.
1191 4279 1275 4342 Quare

106 4390 173 4426 cum
191 4387 226 4423 ex
244 4385 274 4421 eo
290 4367 403 4420 Anatolii
420 4367 521 4419 decreto
541 4371 667 4436 tauquam
687 4381 721 4417 ex
741 4363 812 4418 toute
829 4362 966 4434 Epiphanii
982 4363 1098 4416 doctrina
1114 4362 1274 4436 profluxerit,

106 4457 192 4513 uobis
204 4455 335 4527 integmm
347 4470 399 4506 nou
412 4455 464 4518 est,
475 4457 530 4504 mm
541 4451 669 4506 illmoem
681 4449 882 4522 disputationem
893 4449 996 4504 silentio
1008 4451 1216 4524 praetermittere.
