3104 5038
349 327 475 386 0οΧοΝ

350 485 412 538 bum
423 483 583 538 Nazaraeum
594 485 712 540 extitisse
724 485 785 540 dicit
800 486 910 557 ideoque
926 485 1047 540 carnibus
1063 501 1094 540 ac
1105 487 1167 540 rino
1183 491 1349 558 temperasse.
1381 485 1443 556 lingo
1453 501 1489 540 ra-

349 587 399 640 qne
417 569 564 641 paschalem
582 586 695 640 agnum,
712 587 796 642 neque
813 573 936 642 poculum
953 579 1070 626 extrema
1086 571 1132 626 illa
1149 589 1230 626 coena
1246 572 1366 642 sumpsit.
1399 570 1490 625 Caetera

348 655 411 710 nihil
423 672 517 710 moror.
537 654 590 708 Nec
603 655 714 710 diffiteor
725 658 851 710 nonnulla
863 659 903 710 vel
915 659 947 710 ab
956 657 1104 728 Hegesippo
1116 657 1226 729 prodita,
1238 658 1278 710 rel
1290 657 1323 709 ab
1335 655 1391 710 aliis
1401 657 1490 720 inserta

349 757 415 812 quae
426 757 518 810 parum
534 742 679 810 probabilia
689 743 832 795 videantur.
867 743 919 796 Sed
935 749 1018 796 totum
1035 743 1118 812 ipsam
1136 741 1271 796 historiam
1287 757 1356 811 nego
1373 747 1491 812 propterea

349 827 522 880 damnandam
532 843 598 879 esse.
615 826 681 879 Nam
691 828 813 897 pleraque
822 827 849 880 in
860 828 905 880 illa
914 842 975 880 vera
986 835 1054 891 sont,
1066 835 1111 880 aut
1120 829 1186 880 reris
1199 833 1267 880 certe
1278 827 1415 891 simillim,
1425 842 1490 897 quae·

349 911 408 964 dam
421 911 594 975 subabsurda,
607 912 758 981 praesertim
770 929 836 983 quae
849 913 881 966 ab
894 913 951 966 aliis
963 913 1051 966 addita
1062 913 1173 965 luerunt.
1191 911 1262 976 Quae
1275 919 1362 966 autem
1374 929 1490 982 opponun-

348 1003 391 1049 tur
402 1014 418 1050 a
430 997 563 1067 Scaligero
575 1015 628 1050 non
639 1013 763 1067 magnum
777 1003 938 1051 momentum
950 999 982 1050 ad
994 997 1062 1052 illius
1079 997 1273 1068 infringendam
1288 999 1446 1051 autoritatem
1460 995 1490 1049 ai·

347 1081 441 1135 ierunt.
459 1083 575 1136 Primum
586 1083 650 1135 illud
662 1089 702 1135 est
713 1083 744 1135 de
754 1082 856 1136 Sanctis
866 1083 1036 1147 Sanctorum,
1048 1099 1114 1152 quae
1126 1083 1195 1152 apud
1207 1083 1382 1153 Hegesippum
1392 1089 1490 1134 lantum·

348 1167 425 1220 modo
438 1175 498 1220 sunt
510 1166 574 1237 ἁγιο.
598 1167 687 1237 Τούτῳ
701 1169 779 1238 μόνῳ,
791 1169 883 1238 inquit,
896 1165 948 1234 ἐξῆν
961 1165 992 1228 τίς
1004 1168 1035 1220 τὰ
1047 1167 1104 1237 ipra
1116 1165 1213 1228 είςιέναι.
1239 1167 1355 1231 Lr'cetor,
1365 1168 1449 1237 inquit,
1457 1168 1491 1218 illi

348 1255 396 1304 eoli
408 1257 434 1304 in
446 1261 537 1305 cancro
549 1256 663 1321 ίνρνοιίί,
680 1269 732 1306 uon
744 1253 833 1322 utique
846 1253 942 1306 Sancte
954 1253 1121 1318 Sanctorum,
1137 1253 1193 1306 siro
1207 1267 1302 1306 arcana
1312 1253 1358 1306 illa
1368 1253 1490 1306 amation-

349 1354 398 1406 que
416 1338 568 1407 penetralia,
587 1353 653 1406 quae
670 1339 719 1390 soli
735 1337 851 1407 pontifici
869 1339 950 1390 semel
967 1339 1105 1408 quotannis
1120 1339 1255 1408 patebant,
1272 1337 1318 1390 sed
1336 1353 1401 1408 quae
1415 1341 1491 1390 ranae

349 1423 501 1493 simpliciter
510 1423 667 1486 nominatur,
679 1423 706 1475 in
716 1423 810 1492 quibus
818 1422 1195 1494 mensaetpinespropositlao
1204 1423 1385 1476 candelabrum
1394 1423 1491 1476 etaltera

348 1507 465 1572 suffitum
483 1524 561 1576 quem
578 1510 605 1561 in
622 1509 708 1560 locum
720 1507 864 1560 sacerdote:
879 1509 993 1577 quotidie
1005 1509 1106 1579 ingredi
1117 1508 1243 1563 solebant.
1278 1507 1334 1560 Huc
1345 1509 1421 1577 igitur
1431 1507 1451 1558 si
1460 1505 1490 1558 la

349 1593 429 1644 cobus
442 1591 571 1647 admissus
583 1599 635 1658 eet,
652 1594 696 1662 qui
708 1609 755 1646 neo
767 1593 871 1656 Levita,
888 1593 984 1646 nedum
997 1593 1116 1646 sacerdos
1129 1600 1209 1658 esset,
1224 1579 1451 1662 singularis'bonor
1460 1597 1490 1642 eet

349 1678 479 1730 sanctitati
491 1679 560 1730 illius
572 1677 685 1730 habitus.
719 1677 785 1730 Cum
802 1683 890 1730 autem
907 1677 1005 1730 iactum
1022 1695 1078 1730 esse
1090 1684 1144 1732 tam
1156 1679 1251 1731 vetusti
1262 1685 1288 1731 et
1300 1693 1392 1747 gram
1402 1683 1490 1730 auterre

348 1769 479 1828 asserant,
497 1779 542 1815 cur
553 1761 652 1814 iactum
664 1763 698 1814 sit
709 1763 869 1826 mirandum,
888 1765 928 1816 vel
940 1763 1115 1832 quaerendum
1127 1765 1212 1833 magis
1225 1769 1277 1828 est,
1294 1779 1374 1833 quam
1389 1762 1419 1814 de
1431 1775 1491 1830 prae·

348 1848 569 1900 stantissimorurn
586 1848 699 1900 virorum
717 1849 853 1900 autoritate
872 1847 1049 1903 dubitandum.
1074 1849 1111 1902 rio
1128 1865 1187 1902 cum
1202 1849 1366 1918 Hegeaippue
1380 1845 1434 1917 ἁγιο
1447 1845 1493 1898 sola

348 1937 587 1996 commemorasset,
605 1933 699 1985 caeteri
708 1935 756 1983 τῶν
769 1931 845 2002 ἁγίων
857 1933 1020 1998 addiderunt,
1038 1939 1068 1986 ut
1078 1933 1238 2004 Epiphanius
1248 1933 1296 1986 hoo
1308 1933 1366 1986 loco
1378 1939 1404 1985 et
1414 1931 1494 1984 doctis·

348 2017 430 2070 simus
443 2017 615 2086 Hieronymus
627 2019 653 2070 in
667 2017 801 2088 Oatalogo.
836 2017 887 2071 Sed
906 2017 935 2069 τὰ
952 2015 1009 2087 ἁγια
1026 2021 1076 2069 τῶν
1093 2017 1169 2088 ἁγίων
1187 2035 1265 2088 saepe
1278 2035 1326 2088 pro
1339 2015 1414 2087 ἁγίοις
1424 2023 1447 2069 et
1457 2033 1494 2068 ex·

348 2103 436 2156 teriori
449 2102 540 2166 domo,
552 2101 600 2154 hoo
612 2109 652 2154 est
662 2075 750 2170 §nan
767 2111 931 2174 usurpentur,
947 2119 995 2156 noc
1007 2105 1091 2156 solum
1103 2121 1149 2174 pro
1162 2109 1254 2167 ἾἛἾ,
1270 2104 1325 2156 sire
1338 2103 1433 2156 intimis
1443 2101 1494 2169 ady-

347 2187 390 2240 tis.
426 2187 469 2238 Sic
487 2187 555 2256 apud
573 2187 747 2256 Epiphaniam
764 2189 809 2240 lib.
827 2189 858 2240 de
875 2205 920 2241 sn.
939 2189 1061 2258 gemmis,
1084 2205 1139 2259 cap.
1157 2187 1188 2241 de
1204 2189 1360 2242 adamante:
1378 2191 1459 2240 τοῦτον
1474 2185 1495 2238 el

348 2269 429 2342 ίρόρει
441 2269 454 2322 ὅ
467 2269 590 2341 ἀρχιερεὺς
603 2270 643 2323 'dra
655 2270 777 2342 είςήρχετο
789 2271 820 2333 είς
833 2271 863 2324 τὰ
875 2271 932 2342 irps
943 2275 993 2324 τῶν
1006 2271 1089 2342 ἁγίων·
1102 2273 1152 2343 τρίς
1162 2273 1189 2326 δὲ
1200 2278 1244 2324 τοῦ
1256 2271 1366 2325 ἐνιαυτοῦ
1379 2271 1495 2344 είςτίρχττο,
1543 2291 1544 2312 ³

348 2360 377 2424 τῇ
391 2355 461 2426 ἑορτῇ
474 2360 518 2406 τοῦ
531 2353 629 2426 πάσχοι,
642 2361 683 2423 τῆς
696 2362 871 2424 πεντηκοστῆς,
885 2357 924 2409 aral
937 2362 978 2424 τῆς
991 2358 1163 2428 σκηνοπηγίας.
1198 2359 1253 2411 ldoo
1270 2359 1329 2411 loco
1347 2356 1378 2410 τίς
1391 2357 1445 2428 ipo
1455 2359 1495 2408 τῶν

349 2439 425 2511 ἁγίων
437 2441 547 2511 primam
558 2442 631 2494 illam
642 2443 732 2512 templi
744 2443 871 2496 interioris
884 2459 914 2495 ac
925 2443 986 2496 tecti
996 2449 1096 2513 partem
1108 2443 1265 2512 significant
1291 2442 1359 2508 Quia
1374 2459 1453 2514 nequa
1465 2449 1496 2494 ier

349 2528 487 2597 quotannis
499 2527 630 2596 penetrale
641 2527 705 2580 illud
717 2535 911 2582 sacrosanctum
923 2527 1023 2593 adibat,
1040 2527 1086 2581 sed
1098 2527 1226 2581 dunmxet
1241 2529 1334 2593 semel,
1353 2535 1380 2582 et
1395 2545 1451 2581 cum
1465 2528 1495 2578 in·

348 2612 505 2682 graderetur,
516 2614 646 2682 pectorale
655 2619 816 2682 gemmatum
826 2629 855 2666 ao
865 2615 992 2684 reliquum
1005 2629 1107 2666 omnem
1119 2613 1232 2684 ponebat
1241 2620 1373 2678 ornatum,
1385 2619 1411 2666 et
1421 2613 1495 2666 tunica
1542 2601 1543 2642 l

350 2697 419 2750 linea
428 2699 554 2766 lineisque
565 2697 746 2762 femoralibus,
758 2715 836 2762 zona,
853 2700 932 2752 cidari
943 2700 1018 2752 lineis
1030 2699 1159 2753 utebatur.
1194 2697 1252 2750 Non
1264 2697 1338 2750 aliter
1349 2697 1381 2749 τὰ
1392 2695 1446 2768 ipa
1456 2699 1495 2746 τῶν

349 2779 424 2852 ἁγίων
443 2783 556 2853 appellet
572 2781 771 2852 chrysostomus
783 2784 853 2837 Orat.
863 2801 927 2838 oxrr.
940 2785 1022 2837 Toum
1033 2801 1067 2837 ττ.
1080 2783 1139 2836 edit
1152 2783 1231 2836 Saril.
1243 2797 1305 2853 pag.
1316 2781 1389 2837 dit:
1412 2780 1495 2834 Ἐνεδίν

348 2885 409 2920 σοιτσ
423 2865 436 2918 ὅ
448 2865 571 2937 ἀρχιερεὺς
584 2866 659 2929 είςιὼν
671 2867 703 2930 είς
715 2869 744 2920 τὰ
757 2867 815 2938 ἅγια
826 2871 875 2920 τῶν
888 2867 964 2938 ἁγίων
976 2868 1085 2938 ποδήρη,
1101 2867 1224 2920 τοντίστιν
1235 2865 1330 2936 ἱμάτιον
1342 2865 1391 2918 drab
1403 2865 1495 2935 κεφαλῆς

349 2951 421 3023 μέχρι
439 2954 523 3004 ποδῶν
541 2951 729 3023 ἀπεωρισμὲνον,
751 2951 877 3022 ἐπωμίδα,
901 2954 988 3022 ζώνην,
1006 2951 1146 3022 περισκελῆ,
1165 2951 1270 3004 πίτολον
1282 2957 1401 3023 χρυσοῦν,
1417 2949 1496 3021 cripta,

349 3037 458 3089 τουτέστι
470 3037 610 3107 κυρβασίαν,
627 3038 655 3089 τ“ο
671 3037 763 3108 λόγιων
775 3036 869 3090 dalreis
882 3039 985 3104 aridem
997 3045 1045 3091 etc.
1079 3037 1119 3091 Ita
1135 3037 1229 3091 Fronto
1247 3043 1337 3092 noster
1354 3037 1495 3091 emendarit.

348 3121 416 3174 Nam
428 3140 474 3192 pro
487 3121 569 3193 τιάραν
581 3139 715 3192 perperam
727 3125 822 3193 legitor
834 3123 857 3175 τί
868 3120 928 3194 ἄρα,
941 3130 965 3175 et
977 3141 1023 3194 pro
1036 3122 1177 3193 κυρβασίαν,
1190 3120 1356 3194 κορυβίιντιον.
1391 3122 1429 3175 Ob
1442 3135 1496 3180 eam.

348 3223 428 3276 quam
439 3207 507 3271 dixi,
523 3223 642 3260 caussam
656 3203 685 3259 τὰ
697 3205 755 3277 ἁγιοι
766 3211 815 3258 τῶν
828 3207 904 3278 ἁγίων
913 3207 1097 3276 Οίιτγεοοοοοιο
1109 3225 1162 3260 non
1174 3207 1225 3260 alia
1236 3213 1299 3260 sunt
1310 3225 1389 3277 quam
1401 3205 1431 3258 τίι
1441 3205 1495 3274 ἅγια,

348 3292 478 3362 quomodo
488 3298 514 3344 et
522 3291 591 3362 apud
599 3293 776 3363 Hegesippum
785 3299 812 3345 et
822 3294 1016 3362 Hieronymum.
1033 3291 1194 3363 Epiphanius
1205 3309 1266 3346 vero
1278 3291 1327 3345 laec
1340 3291 1496 3346 excusatione

348 3378 450 3430 utinen
462 3383 559 3448 potest,
577 3379 638 3446 quia
650 3378 680 3430 de
693 3395 740 3430 suo
753 3395 888 3449 perperam
900 3379 1028 3443 adtexuit,
1045 3376 1110 3438 ἅπαξ
1122 3381 1166 3430 τοῦ
1177 3375 1257 3444 ἔτους,
1270 3377 1341 3452 quod
1352 3393 1450 3430 summo
1461 3389 1496 3427 sa-

349 3462 447 3514 cerdoti
458 3463 585 3532 peculiare
597 3463 657 3528 luit,
675 3469 705 3516 nt
721 3465 802 3516 semel
812 3464 838 3516 in
851 3464 948 3518 Sancta
959 3463 1114 3516 Sanctorum
1124 3462 1308 3532 ingrederetur·
1343 3463 1434 3516 Iacobo
1444 3475 1496 3512 τετυ

348 3547 382 3600 ob
394 3549 564 3600 excellentem
575 3549 643 3600 vitae
655 3549 854 3602 sanctimoniam
865 3565 1017 3602 concessum
1031 3555 1083 3612 est,
1095 3554 1124 3600 ut
1135 3549 1168 3600 ad
1180 3553 1268 3601 sancta
1280 3549 1433 3618 perveniret,
1445 3559 1496 3598 eom

348 3633 446 3702 alioqui
457 3633 535 3701 uulgo
548 3634 616 3685 linea
628 3635 695 3686 stole
706 3635 850 3686 vestiretur,
869 3634 906 3685 De
915 3634 1056 3702 gentilibus
1068 3633 1208 3686 absurdum
1220 3639 1260 3685 est
1270 3649 1368 3702 negare
1378 3632 1435 3686 illos
1445 3645 1496 3682 rum
1539 3645 1540 3721 γ

349 3717 406 3770 aliis
418 3718 590 3787 temporibus,
603 3735 632 3769 nc
644 3718 798 3772 ludaeorum
810 3719 973 3782 solennibus,
985 3725 1041 3771 tum
1053 3733 1203 3787 azymorum
1216 3717 1321 3782 diebus,
1334 3717 1402 3787 quod
1412 3717 1497 3770 lotan

347 3803 426 3872 longe
439 3802 506 3871 apud
519 3801 628 3854 ludaeos
640 3804 835 3856 celeberrimum
846 3803 903 3866 fuit,
912 3804 1092 3872 Hierosolyma
1100 3801 1266 3858 confluxisse.
1283 3801 1322 3855 Ne
1330 3804 1409 3872 longe
1420 3815 1497 3853 axem·

347 3889 392 3959 pla
403 3893 537 3957 petamus,
550 3887 638 3940 loonn.
648 3907 703 3952 xm,
715 3888 755 3941 20.
778 3888 894 3941 Gentiles
905 3889 957 3941 illis
969 3889 1033 3959 ipsis
1045 3887 1196 3942 solennibus
1208 3887 1332 3941 adorandi
1344 3903 1434 3940 caussa
1444 3901 1496 3936 ron·

347 3974 468 4027 ueniuntr
481 3972 568 4024 Erant
576 3983 656 4024 oolam
668 3975 769 4042 puidam
781 3975 887 4041 pentilee
898 3991 928 4024 cx
939 3978 979 4038 ίίτ,
992 3977 1035 4041 qoa'
1046 3975 1225 4036 mcerrderaat,
1237 3984 1264 4026 ut
1276 3975 1417 4025 odoror-eat
1426 3975 1450 4023 τίν
1460 3971 1497 4020 die
1538 3935 1539 4027 ί

343 4061 419 4126 sesto.
443 4058 511 4112 Nam
528 4058 559 4110 de
572 4077 610 4111 ττι
619 4059 737 4110 tribubus
750 4073 827 4126 quam
840 4059 926 4128 inepte
938 4059 1091 4128 praescribit
1102 4057 1231 4127 Scaliger!
1248 4058 1302 4110 imo
1319 4053 1496 4128 propemodum

348 4143 435 4213 impie.
470 4143 499 4196 Si
516 4143 585 4195 enim
600 4159 659 4195 rere
676 4143 787 4212 colligit,
805 4143 895 4196 eadem
912 4144 1011 4196 ratione
1028 4141 1214 4196 hallucinatum
1226 4141 1351 4196 Iacobum
1362 4139 1496 4212 apostolum

349 4230 468 4298 excipere
480 4235 571 4298 potest,
584 4229 629 4297 qui
641 4227 781 4280 canonicae
793 4229 916 4298 epistolae
929 4230 966 4281 ita
977 4227 1108 4298 praefatus
1120 4235 1172 4281 eat:
1200 4227 1310 4280 Iaoobar
1321 4229 1365 4280 dei
1380 4235 1404 4280 at
1412 4226 1497 4277 donini
1537 4257 1538 4272 ι

350 4317 428 4364 umeri
439 4315 497 4364 loeo
510 4313 606 4366 Gloriari
621 4329 719 4375 serenae,
736 4315 865 4364 duodecim
877 4313 1001 4378 tribadas,
1017 4332 1082 4382 puae
1097 4323 1155 4365 runi
1169 4317 1196 4364 ιἰι
1208 4313 1377 4381 dispersione,
1392 4311 1495 4362 τσίιιτεττ.

349 4395 414 4449 ltem
426 4397 482 4449 Act.
492 4415 544 4462 xx,
557 4397 580 4450 6.
603 4397 698 4450 Paulus
710 4397 746 4450 ita
757 4397 884 4466 loquitor:
908 4397 1019 4450 Etanna·
1032 4402 1058 4448 ιἰι
1069 4415 1125 4467 spe,
1137 4415 1202 4468 quoe
1213 4399 1350 4466 adportes
1361 4406 1451 4450 nemrot
1461 4411 1496 4444 re·

349 4485 606 4550 proma’aar'oaa’asoctu
619 4491 655 4532 eat
666 4503 683 4532 ιι
696 4484 754 4544 deo,
770 4485 819 4532 isto
836 4485 932 4534 iudicio
948 4483 1088 4545 subiectus,
1106 4487 1131 4534 in
1143 4499 1217 4551 prora
1230 4483 1362 4535 duodecim
1374 4481 1447 4533 tridua
1458 4497 1496 4528 τσ-
1536 4525 1537 4542 ,

350 4573 421 4616 atrae
432 4571 502 4614 nocte
514 4581 546 4616 oc
558 4567 599 4618 dia
611 4568 777 4620 deservientes
787 4575 893 4636 sperant
900 4570 1042 4636 pervenire.
1062 4565 1186 4630 Quamvis
1197 4567 1268 4620 euim
1279 4565 1404 4622 abducta
1413 4563 1495 4618 decen
