3104 5038
295 299 422 358 uuuxut

296 455 364 526 quad
375 457 650 527 negarentstationea,
668 457 717 511 tac
734 463 775 510 eet
790 457 968 512 uiuaianllua
979 458 1269 529 nonamprepaganda,
1286 473 1359 524 cum,
1374 463 1406 512 at
1420 473 1454 512 ax
1542 443 1543 526 Ῐ

294 541 402 596 infinitis
414 548 529 595 ueterum
541 543 696 596 testimoniis
708 549 822 608 constat,
838 543 871 597 ad
888 545 972 598 aulem
988 560 1110 598 comum
1126 559 1210 614 mque
1220 544 1319 598 ieiunia
1327 543 1454 615 madua-
1542 557 1543 626 l

295 627 355 680 rint
381 627 432 682 Sed
443 627 514 681 aliud
525 628 643 682 videlieet
653 629 731 682 statio
743 633 784 682 eat
795 645 874 699 quarn
885 629 1022 695 ieiunium,
1040 636 1067 684 at
1077 630 1175 684 ieiunia
1186 631 1341 695 muscum,
1359 631 1398 683 ati
1409 647 1455 682 neo
1542 665 1543 688 r

296 713 420 766 uniones
431 714 516 782 ipsse,
533 713 640 766 minime
657 715 726 767 ultra
741 731 838 768 nouam
856 715 1069 768 observabantur.
1094 713 1180 778 Quare
1191 716 1283 768 manto
1296 713 1456 768 acatholicis

295 799 424 868 ambigata
434 799 650 852 Montanistsrum
661 800 707 853 ills
717 800 820 853 novitas
833 805 886 865 est,
902 799 973 870 quod
989 800 1116 854 staticus
1132 805 1160 853 et
1175 799 1277 854 ieiunia
1290 799 1363 864 aliis,
1378 813 1457 870 quan

193 895 216 934 s·
225 881 269 924 ³⁵&
295 899 363 954 quae
375 884 408 936 ab
420 885 530 938 ecclesia
539 886 699 955 praescripta
710 893 809 950 assent,
824 885 984 955 temporibus
997 885 1030 938 ad
1041 901 1177 958 vesperam
1188 885 1365 940 eumdermt.
1391 885 1457 938 llam

294 969 361 1022 teria
377 975 470 1039 quarta
484 975 612 1040 sextam
628 970 661 1023 ad
677 987 774 1024 nonam
791 971 919 1024 duntaxat
931 986 1111 1042 perseuerasse
1121 971 1150 1024 in
1160 971 1273 1024 statione
1283 970 1458 1026 Mmtauiataa

201 1063 204 1068 '
295 1055 387 1108 audem
398 1055 442 1108 illo
454 1055 519 1108 libro
532 1071 588 1126 cap.
599 1074 624 1110 r.
636 1057 742 1112 Tertull.
753 1057 863 1110 indicat:
880 1056 940 1110 Noa
951 1061 1027 1127 paesi
1037 1074 1187 1128 acepsemas
1197 1073 1300 1120 amase,
1311 1058 1406 1127 iuquit,
1419 1061 1460 1108 cal

297 1149 321 1192 ct
331 1149 423 1208 quarta
434 1141 537 1193 sabbati
548 1151 572 1193 et
581 1151 653 1194 meta
660 1143 798 1211 plurimam
803 1145 945 1211 [κηρίων.
970 1141 1110 1214 Propterea
1125 1157 1186 1195 vero
1203 1143 1342 1196 stationum
1361 1142 1459 1196 ieiunia

295 1226 341 1280 illa
352 1229 509 1278 mailaianis
521 1227 556 1279 ab
566 1227 658 1280 eedem
670 1232 760 1280 autore
771 1228 946 1292 nominantur,
959 1243 1017 1298 cap.
1025 1245 1095 1282 arara
1114 1227 1184 1281 Ecce
1196 1232 1261 1280 enisa
1273 1228 1323 1296 [ait
1333 1225 1459 1280 adversus

296 1309 447 1376 catholicus)
460 1316 578 1364 cenaculo
591 1331 633 1364 eoa
644 1323 669 1365 et
675 1323 782 1382 praeter
789 1313 892 1382 pascito
903 1317 1045 1366 ieiunantes
1057 1317 1125 1366 citra
1134 1313 1193 1365 siloa
1204 1315 1267 1378 dica,
1285 1313 1374 1383 ῳῶυι
1386 1313 1460 1366 obla·

296 1403 336 1450 na
346 1403 384 1448 est
393 1414 508 1465 sponsas,
520 1407 544 1450 et
553 1401 688 1450 stationam
699 1402 857 1451 semiieiunia
868 1403 1061 1468 iraterponeutsa.

363 1481 414 1534 Sed
432 1482 631 1536 obscurissimus
649 1489 690 1536 est
705 1483 797 1536 Mam
815 1484 846 1536 de
863 1484 1019 1538 stationibus
1036 1489 1144 1554 quarue
1155 1489 1294 1554 sextaeque
1305 1483 1390 1538 iuriae
1400 1483 1460 1538 Ter·

296 1567 398 1620 tulliani
408 1567 481 1620 lucus
493 1583 549 1638 cap.
559 1586 625 1624 arn:
645 1568 867 1632 curacensibus,
883 1569 978 1639 inquit,
996 1579 1115 1638 proriam
1129 1580 1155 1622 et
1164 1578 1261 1622 mara
1271 1570 1377 1622 sabbati
1388 1571 1460 1622 dicu·

296 1670 349 1704 mua
361 1662 385 1706 et
394 1656 496 1704 ieloair's
505 1657 681 1722 parasceuen!
709 1653 776 1707 liam
792 1670 932 1724 purascere
950 1655 1012 1724 quid
1027 1654 1097 1708 aliud
1108 1660 1149 1708 est
1159 1671 1239 1724 quam
1251 1659 1328 1708 sarta
1338 1655 1460 1708 sabbati?

295 1737 430 1792 Praeterea
441 1738 566 1793 ieiunium
577 1755 715 1810 parasceve
727 1740 776 1792 soli
788 1740 890 1804 tribuit,
906 1741 982 1810 quasi
993 1758 1046 1794 non
1058 1745 1085 1792 et
1094 1739 1160 1794 feria
1172 1745 1264 1809 quana
1275 1741 1408 1804 uastatio,
1425 1741 1463 1792 ita

295 1823 421 1878 ieiunium
437 1825 544 1878 solenne
560 1824 645 1878 luerit.
670 1825 754 1878 Euius
770 1826 798 1878 iu
814 1826 865 1878 loci
881 1825 1091 1896 interpretatione
1108 1826 1204 1884 mirum
1219 1825 1282 1894 quid
1299 1825 1419 1880 Pameliu
1435 1827 1461 1878 in

295 1915 411 1964 mantem
422 1910 528 1976 uenerit,
540 1926 599 1963 oum
611 1925 769 1981 parasceuen
781 1927 797 1962 a
808 1911 965 1966 Tertulliano
979 1925 1047 1964 nore
1058 1909 1197 1964 sabbatum
1209 1911 1334 1981 appellari
1345 1911 1463 1964 madidi

295 1993 430 2058 Stetimus,
441 1995 533 2064 iuquit,
545 1998 661 2066 appellat
670 2005 778 2066 quartae
789 2006 815 2050 at
823 2000 1002 2064 messoriae
1011 1999 1117 2062 maela,
1129 1997 1196 2064 puod
1204 2004 1301 2048 demta
1314 2006 1399 2048 sanas
1409 1997 1463 2048 illia

297 2082 384 2132 debus
394 2084 504 2144 ictuata,
521 2099 569 2133 noa
580 2085 638 2134 ilear
650 2084 692 2134 die
698 2099 869 2151 parasceves,
886 2099 951 2150 quae
965 2090 1041 2134 eram
1055 2082 1209 2134 mutaris.
1243 2081 1277 2136 bt
1292 2097 1406 2136 numero
1423 2097 1462 2134 aa·

297 2171 391 2235 quanta
399 2180 561 2234 parasceven
576 2167 613 2219 ait
624 2185 677 2220 esse
688 2156 832 2230 sabbatum,
849 2169 915 2237 quad
926 2169 1078 2219 miskam
1086 2169 1262 2237 praecederet
1291 2167 1347 2228 Quo
1366 2170 1411 2220 dis
1426 2171 1462 2219 s'e·

295 2254 391 2302 iusim
399 2269 449 2320 pro
461 2255 577 2320 cuiusque
588 2253 713 2305 ademare
724 2261 850 2304 sanatum
863 2261 907 2305 eat.
933 2251 1003 2304 Nihil
1020 2257 1065 2305 aut
1081 2251 1221 2306 absurdius
1232 2256 1278 2304 ant
1289 2251 1360 2322 quud
1372 2269 1391 2305 a
1401 2251 1463 2306 Ter-

297 2336 397 2390 tulliani
409 2341 495 2389 mente
506 2337 593 2406 magis
604 2335 754 2390 abhorreret
764 2336 850 2390 afferri
861 2338 954 2408 potuit.
981 2337 1093 2390 Tantum
1110 2338 1180 2390 enim
1197 2337 1273 2390 abeat
1283 2343 1312 2390 ul
1322 2337 1463 2392 Tertullia-

296 2437 346 2476 uua
358 2421 497 2476 sabbatum
508 2422 611 2476 ieiuniis
622 2421 736 2476 dicatum
748 2439 806 2476 esse
814 2423 1032 2493 pronunciaverit,
1043 2427 1073 2475 ut
1081 2422 1112 2476 de
1121 2437 1152 2475 eo
1162 2425 1251 2476 statim
1262 2424 1314 2476 iata
1324 2423 1464 2477 aubiioiatc

299 2507 449 2576 Quanquam
461 2523 504 2560 eoa
515 2513 590 2560 etiam
602 2509 746 2572 sabbatum,
764 2512 789 2560 si
802 2509 915 2578 quaeda,
934 2511 1099 2571 conducatis,
1116 2525 1241 2576 uunquam
1258 2511 1310 2560 m'as'
1320 2513 1349 2560 s'a
1355 2509 1464 2578 pesato

296 2595 614 2657 erumnosaeeecendcm
622 2597 747 2646 rationem
756 2594 822 2646 oliba·
828 2595 964 2648 redditam.
981 2592 1464 2662 Sinunquamsabbatoieiunandum,

296 2695 349 2732 uno
361 2678 490 2732 duntaxat
501 2683 624 2748 excepto,
641 2678 770 2748 quomodo
782 2679 896 2732 dicatum
908 2695 925 2730 a
942 2678 1009 2744 auis,
1025 2677 1132 2748 perinde
1149 2693 1180 2732 aa
1197 2677 1345 2744 catholicis,
1361 2679 1466 2734 iaiuaio

296 2764 435 2818 sabbatam
444 2764 618 2817 Tertullianus
630 2763 715 2816 dicere
726 2765 827 2834 potuit?
845 2762 957 2816 Aliunde
967 2763 1048 2832 igitur
1059 2761 1208 2834 quaerenda
1218 2767 1258 2816 ast
1269 2763 1321 2816 loci
1331 2763 1407 2818 illins
1418 2781 1465 2817 ex·

295 2849 409 2920 plicatio.
428 2848 499 2913 Quae
510 2866 545 2902 an
556 2849 685 2904 eiusmodi
693 2850 778 2919 possit
788 2854 865 2914 esset,
877 2847 1094 2902 considerandum
1102 2855 1150 2903 eat.
1168 2847 1298 2902 Nimirum
1306 2849 1465 2904 Tertulbani

296 2939 425 3004 tempore,
442 2949 502 2988 cnm
519 2936 644 2988 atatioms
654 2934 721 2987 feris
732 2941 824 3004 quarta
835 2940 861 2987 et
872 2939 948 2987 sexta
959 2934 1063 3000 tierent,
1082 2933 1176 2989 ambae
1192 2933 1298 3004 quidem
1313 2933 1348 2987 ad
1362 2951 1465 2990 aonam

297 3020 426 3074 duntaxat
441 3019 532 3074 horam
548 3025 703 3090 prorogatae
720 3026 794 3084 aunt,
812 3019 858 3072 sad
874 3020 940 3073 laria
951 3024 1044 3090 quarta
1054 3021 1144 3072 statim
1154 3025 1215 3090 past
1226 3019 1347 3074 stationis
1358 3022 1466 3074 arbon

296 3105 439 3174 horamque
451 3121 548 3160 nonam
558 3106 685 3159 ieiunium
696 3106 797 3158 solvere
808 3106 907 3158 licitum
918 3105 976 3158 init
998 3105 1081 3158 Sexta
1090 3121 1152 3158 vero
1164 3104 1242 3169 iuria,
1253 3105 1359 3176 expleto
1372 3107 1465 3160 statio·

297 3192 339 3244 nis
355 3195 485 3262 tempure,
502 3207 555 3244 nou
572 3191 660 3244 entim
676 3190 716 3244 ias
734 3195 789 3244 erat
805 3190 888 3254 uesci,
906 3190 952 3244 sed
969 3189 1149 3260 advesperam
1166 3195 1274 3244 tantum.
1310 3189 1387 3244 Unda
1398 3191 1466 3244 ieria

298 3282 390 3347 quarta
400 3277 605 3342 semiieiunium,
616 3283 646 3329 nt
656 3275 832 3330 Tertullianus
842 3281 928 3340 vocat,
940 3275 1107 3330 observatum
1118 3281 1165 3340 eat,
1177 3281 1253 3328 sexta
1263 3274 1402 3330 ieiunium.
1425 3275 1465 3330 lta

297 3363 429 3416 nonnullis
440 3362 469 3414 in
479 3362 556 3426 loeis,
567 3367 597 3416 ut
608 3363 686 3432 paulo
697 3367 756 3432 post
767 3366 877 3416 testatur
887 3359 1061 3431 Epiphaniae,
1073 3361 1138 3414 ieris
1147 3361 1237 3430 quinta
1247 3360 1356 3414 nemoris
1365 3359 1466 3416 habdo-

297 3447 388 3502 madae
399 3463 459 3502 oum
470 3448 595 3500 stationae
606 3453 633 3500 et
643 3463 757 3516 synaxes
769 3446 801 3500 ad
812 3445 904 3500 horam
915 3463 1012 3500 nonam
1023 3447 1222 3510 celebrarentur,
1233 3461 1287 3498 uon
1297 3449 1390 3500 manen
1402 3448 1466 3500 aub-

297 3532 357 3586 iude
365 3533 462 3586 ieiunia
471 3532 645 3586 solvebantur.
662 3532 696 3584 Et
704 3549 764 3586 uero
774 3531 884 3586 metiore
892 3531 988 3585 ieiunio
998 3547 1029 3585 ac
1038 3531 1197 3585 diuturniore
1208 3530 1297 3584 inedia
1305 3531 1467 3586 ealebmda

297 3617 352 3672 dies
366 3617 409 3670 ille
419 3617 516 3681 iuerat,
533 3633 600 3686 quae
618 3617 761 3670 dominicae
778 3617 895 3687 passioni
911 3617 1057 3687 praecipue·
1067 3621 1242 3670 censeamur.
1267 3615 1399 3686 Equidem
1410 3635 1466 3672 uon

296 3703 372 3758 rideo
384 3703 446 3772 quid
457 3702 490 3755 de
500 3701 651 3756 Tertulliani
662 3703 720 3755 loeo
731 3703 775 3757 illo
788 3703 839 3756 dici
849 3703 1009 3772 probabilior
1021 3703 1112 3773 possit.
1140 3701 1196 3754 lam
1206 3717 1268 3755 raro
1279 3717 1326 3771 par
1337 3702 1401 3756 flios
1412 3709 1466 3756 ata·

296 3790 399 3842 tionum
411 3788 478 3852 dies,
497 3803 562 3856 quae
575 3803 632 3840 cum
644 3787 742 3842 ieiunio
754 3789 906 3842 coniunctae
921 3793 1006 3853 erant,
1023 3793 1114 3841 conus
1130 3793 1207 3856 atque
1223 3787 1252 3840 in
1268 3787 1418 3842 maioribus
1428 3789 1466 3845 ie·

297 3875 376 3928 ianiis
386 3873 509 3943 usumsri
519 3879 695 3936 consueuerat,
706 3871 794 3926 diuina
804 3873 930 3942 mysteria
941 3879 967 3926 et
975 3873 1103 3926 sacrificia
1111 3872 1310 3942 peragebantur,
1321 3871 1467 3926 distributa

298 3975 401 4029 quoque
411 3957 540 4012 infideles
552 3956 719 4022 eucharistia3
736 3973 815 4028 quam
832 3964 920 4012 tamen
936 3975 988 4012 non
1001 3957 1111 4012 subinde
1122 3958 1150 4010 in
1159 3973 1189 4010 os
1200 3957 1297 4022 traiici,
1314 3957 1362 4010 aad
1380 3973 1466 4011 resm-

298 4044 354 4096 rari
371 4049 487 4113 oportere
505 4043 679 4112 Tertullianus
698 4043 832 4108 mouet,
852 4044 880 4096 in
899 4044 970 4096 ealce
986 4044 1031 4096 lib.
1049 4043 1081 4096 da
1099 4041 1170 4097 Orat.
1189 4041 1272 4098 donea
1287 4041 1415 4096 absoluta
1431 4044 1468 4096 ait

299 4128 384 4183 sntio.
408 4127 498 4198 Neque
510 4133 566 4182 mm
577 4128 789 4198 praetermissum
800 4128 902 4182 uidetur
911 4129 984 4198 pacis
997 4129 1127 4193 osculum,
1144 4127 1214 4198 quod
1229 4143 1282 4180 unc
1294 4125 1412 4196 paschae
1423 4127 1467 4181 dia

299 4213 468 4266 communiter
478 4214 513 4266 ab
525 4213 646 4267 omnibus
658 4215 784 4268 omissum
795 4213 863 4268 idem
875 4219 965 4268 auctor
976 4212 1115 4284 significat.
1142 4212 1195 4267 Sed
1206 4212 1237 4266 de
1248 4213 1327 4266 uariis
1338 4213 1465 4267 scauu-

181 4353 185 4363 ,
298 4313 356 4350 rum
372 4299 464 4351 ritibus
482 4298 590 4354 consule
607 4315 673 4368 quae
687 4300 715 4352 in
726 4299 858 4368 superiore
868 4303 932 4352 nota
942 4315 977 4351 ex
988 4299 1135 4369 Augustino
1147 4304 1174 4352 et
1183 4297 1336 4352 Innocentio
1345 4297 1465 4352 dealm-

298 4382 392 4435 rimus.
417 4383 495 4436 Plura
511 4384 542 4438 de
558 4384 607 4438 boc
622 4385 765 4437 statlomm
777 4384 829 4438 ritu
840 4385 1001 4454 antiquitatis
1013 4384 1202 4438 sedunenses
1214 4383 1323 4437 studiosi
1334 4385 1465 4453 pervesti-

298 4480 362 4536 gare
378 4471 511 4536 potarunt,
527 4483 588 4522 oum
605 4476 631 4522 et
645 4486 694 4522 uos
709 4469 833 4539 pleraque
848 4469 967 4524 consulto
984 4470 1205 4539 praeterierimus,
1223 4473 1300 4522 ntea
1316 4469 1374 4522 sola
1391 4485 1464 4523 eom-

298 4551 469 4622 plaataremnr
480 4567 592 4621 quurma
602 4553 747 4608 obscuritas
759 4555 844 4608 laeam
855 4555 970 4626 aliquam
979 4559 1086 4610 nouum
1097 4553 1281 4626 domuncula
1289 4553 1421 4624 &gersa
