3138 5044
113 473 225 539 stiterit,
241 491 302 530 oum
313 475 347 530 ad
358 475 483 530 loannem
494 475 611 532 messuit
629 475 681 532 Cur
690 477 746 532 ital
761 477 855 532 Nonne
866 477 936 548 qnod
947 477 1031 532 Lucas
1042 475 1196 548 ἃπορητικῶς
1207 479 1279 550 loqui

113 560 188 612 risus
200 565 253 624 est,
269 577 330 614 eum
341 559 396 622 ὼςιὶ
408 558 469 614 ἐτῶν
487 559 617 632 τριάκοντα
633 563 753 642 scripsit?
784 563 819 616 ht
829 562 951 618 lmuaens
962 568 1064 618 tentum
1080 565 1113 617 ab
1125 565 1214 634 rigidis
1226 565 1278 618 illis

111 645 319 716 praefractiaqne
330 647 480 701 vocularum
492 647 675 718 interpretibus
686 647 818 714 abherret,
835 655 864 702 ut
875 650 921 702 lib.
934 667 961 704 rr.
973 665 1031 720 cap,
1043 667 1134 704 xxm.
1146 648 1278 704 Christum

112 731 239 801 baptismi
248 737 364 803 tempore
372 732 489 788 nendum
497 734 590 788 aetads
600 749 698 788 anuum
706 735 866 789 tricesimum
874 735 1021 806 explevisse
1032 741 1144 788 censeat
1161 735 1277 790 Praeter-

111 815 190 870 mitto
201 818 358 872 recentiores
370 819 519 889 apostolicis
530 819 583 874 illie
595 821 755 890 temporibus
766 821 869 886 Patrae,
885 827 1053 891 caeterosque
1068 835 1161 890 gruem
1178 826 1205 874 et
1220 838 1277 876 eru·

110 902 182 956 ditoe
199 899 331 969 homines,
347 905 393 975 qni
408 904 494 958 Lucae
509 905 687 960 testimonium
703 904 847 976 ἀδιορίστως
863 911 975 962 aetatem
987 905 1083 960 Christi
1099 921 1130 960 ao
1146 906 1277 969 πλοτυκῶς

109 987 264 1057 significare
274 1005 327 1043 non
340 989 467 1044 dubitant.
484 989 537 1044 Nee
547 990 686 1046 doluerunt
696 992 742 1062 qui
752 1008 799 1062 pre
812 987 960 1062 ἀρχόμενος,
973 989 1106 1062 ἐρχόμενος
1115 992 1237 1062 legerint,
1249 998 1278 1046 nt

109 1072 274 1144 Epiphanius
286 1080 313 1128 et
323 1074 491 1144 Enthpminm
503 1077 568 1130 adeo
580 1077 746 1148 perticipium
757 1076 894 1148 ἀρχόμενος
905 1077 939 1130 ad
950 1077 1032 1132 officii
1042 1083 1069 1130 et
1079 1078 1277 1148 praedicationis

109 1158 264 1224 exordium,
274 1177 329 1214 non
340 1161 374 1214 ad
384 1161 517 1216 ineuntem
528 1168 641 1218 atatem
651 1163 755 1216 illorum
767 1163 896 1216 sententia
906 1169 1049 1218 revocatur.

180 1244 233 1298 Sed
249 1253 291 1299 eet
305 1246 376 1302 aliod
393 1247 530 1317 quiddam,
547 1248 618 1318 qnod
629 1253 729 1302 ueteres
744 1247 851 1319 perinde
867 1264 898 1302 ac
912 1249 1069 1304 recentiores
1086 1265 1177 1302 omnes
1189 1251 1277 1320 quide

109 1329 196 1384 natali
212 1347 282 1386 anno
295 1330 391 1386 Christi
405 1332 570 1403 disputarunt
584 1339 709 1403 tanquam
725 1334 900 1390 certissimum
910 1335 991 1404 vulgo
1005 1341 1184 1405 sumpserunt,
1202 1336 1277 1388 nimi·

108 1431 171 1468 rum
184 1413 317 1470 Christum
328 1433 396 1470 anno
408 1435 451 1470 xv.
463 1418 560 1472 Tiberii
571 1417 728 1488 baptizatum
739 1417 830 1472 inisse.
849 1418 921 1473 Unde
933 1437 992 1472 cum
1003 1419 1101 1474 Tiberii
1109 1439 1152 1474 xv.
1163 1422 1278 1492 coeperit

108 1515 181 1554 anno
193 1502 295 1556 Iuliano
307 1519 414 1566 uxrio,
429 1503 519 1558 Silano
535 1509 562 1556 et
571 1502 657 1558 Nerva
667 1519 734 1558 coes.
746 1521 780 1557 ex
798 1521 823 1559 a.
836 1504 860 1559 d.
875 1522 927 1559 mv.
939 1504 997 1558 Kal.
1009 1503 1082 1574 Sept.
1093 1511 1120 1558 et
1131 1505 1276 1575 baptismus

108 1585 210 1640 Christi
221 1587 248 1640 in
259 1586 373 1642 ianuarii
384 1605 419 1642 rr.
435 1589 584 1654 incurrerit,
600 1590 723 1642 convenit
737 1606 807 1642 anno
823 1589 923 1644 loliano
941 1607 1029 1642 cxxiv.
1043 1589 1159 1643 Geminis
1175 1591 1276 1644 dnobus

107 1688 194 1736 coss,
211 1689 279 1742 quae
295 1678 336 1728 est
352 1674 468 1728 omnium
483 1673 537 1727 iere
554 1674 700 1728 communia
717 1675 813 1746 opinio.
836 1673 910 1738 Quod
924 1675 1030 1728 illorum
1048 1674 1241 1728 firmamentum
1253 1678 1277 1728 el
1294 1705 1296 1710 ·

107 1758 170 1826 quie
181 1759 334 1822 exterserit,
351 1760 435 1814 omnis
449 1759 496 1813 illa
507 1759 602 1813 Christi
617 1761 711 1814 natalis
727 1760 902 1830 investigandi
912 1760 978 1814 ratio
990 1759 1147 1814 labefactata
1157 1761 1276 1816 concidit.

107 1842 191 1912 Atqui
207 1859 277 1898 anno
294 1844 352 1914 ipse
364 1845 451 1898 Tiberi
463 1861 505 1898 xv.
517 1845 676 1916 baptizatum
694 1862 751 1900 esea
763 1844 894 1900 Christum
910 1845 977 1900 unde
993 1845 1098 1899 tandem
1113 1844 1276 1900 habuerunt?

107 1927 196 1982 Lucae
213 1930 285 1982 enim
301 1945 425 2000 cap.n1.,
440 1947 510 1984 anno
522 1949 565 1986 xv.
576 1931 673 1984 Tiberii
683 1931 809 1984 Ioannem
825 1931 909 1984 sancti
923 1931 1030 2001 spiritus
1045 1929 1137 1984 afflatu
1153 1930 1187 1983 ad
1203 1947 1275 2002 prae·

107 2013 248 2068 dicandam
259 2016 445 2086 poenitenh'am
457 2016 582 2088 prodiisse
593 2021 688 2082 narrat,
701 2033 754 2070 non
763 2033 823 2070 uero
834 2015 966 2070 Christum
977 2016 1068 2070 eodem
1080 2016 1124 2070 illo
1134 2016 1221 2070 Tiberi
1232 2035 1274 2070 rr.

106 2115 179 2154 auno
197 2117 215 2152 a
229 2101 328 2154 loanne
345 2101 512 2172 baptizatum.
542 2101 646 2156 Etenim
662 2101 719 2156 fieri
735 2107 822 2173 potest
842 2109 871 2156 ot
885 2102 986 2156 Iuliano
1004 2119 1107 2166 cxxiv„
1123 2101 1219 2154 Tiberii
1231 2119 1273 2156 rr.

107 2191 236 2251 exeunte,
253 2192 345 2258 utputa
355 2187 476 2257 Augusto
487 2189 608 2254 ineunte,
623 2189 735 2242 loannes
750 2189 842 2242 relicta
855 2189 995 2242 solitudine
1009 2189 1038 2240 in
1049 2187 1181 2257 publicum
1193 2203 1274 2240 emer·

107 2271 184 2336 serit,
197 2277 225 2324 et
236 2287 305 2326 anno
317 2289 396 2326 oure.
407 2271 508 2326 Iuliano
520 2275 666 2345 baptisatus
678 2274 712 2328 ab
724 2274 815 2328 eodem
827 2274 862 2326 eit
873 2273 1002 2338 Christus,
1014 2273 1111 2326 'liberii
1123 2290 1176 2328 rvr.
1201 2271 1274 2335 Quod

106 2373 124 2410 a
134 2357 255 2422 nemine,
267 2363 394 2428 qnantum
406 2359 501 2424 eciam,
512 2359 638 2414 hactenus
650 2361 816 2414 observatum
827 2359 968 2430 plurimum
977 2358 1009 2412 ed
1018 2358 1164 2412 communie
1174 2373 1205 2410 ao
1214 2357 1274 2411 Dio·

106 2443 238 2512 nyaianae
249 2459 325 2496 aerae
337 2445 510 2514 patrocinium
521 2445 629 2500 confert
648 2445 732 2500 Nemo
744 2450 785 2498 eet
794 2445 865 2498 euim
876 2449 931 2500 tam
941 2461 1047 2515 parum,
1058 2461 1112 2498 nou
1124 2443 1207 2498 dicam
1219 2460 1274 2498 ma·

107 2527 258 2582 thematicis
268 2529 381 2595 artibus,
398 2530 444 2584 eed
455 2531 557 2601 vulgari
568 2532 614 2586 illa
624 2531 717 2602 peritia
728 2530 954 2586 subducendorum
966 2536 1113 2601 temporum
1124 2531 1273 2594 instructus,

107 2615 154 2684 qui
167 2631 222 2668 non
233 2631 352 2686 pugnero
364 2633 452 2670 secum
464 2617 523 2670 illos
535 2633 626 2672 omnes
638 2617 841 2680 animadvertet,
858 2617 904 2686 qui
920 2617 1032 2670 natalem
1050 2615 1148 2668 domini
1164 2632 1197 2668 ex
1213 2631 1275 2668 aera

106 2701 214 2771 vulgari
225 2702 276 2754 alie
288 2717 370 2767 anno,
383 2711 462 2772 quam
471 2701 572 2757 Iuliano
585 2721 655 2768 rav,
666 2702 778 2758 Lentule
790 2708 817 2756 et
827 2702 920 2756 Pirene
932 2717 1008 2765 cess,
1020 2699 1199 2754 collocandum
1211 2701 1273 2754 sori·
1300 2721 1321 2761 p.
1332 2709 1376 2750 tra

106 2792 230 2856 pserunt,
242 2787 280 2840 ita
291 2792 321 2840 ut
331 2787 431 2857 primus
442 2805 547 2854 eorum,
563 2805 628 2858 quoe
643 2789 752 2844 anatoli
763 2786 858 2842 Christi
868 2791 1003 2857 putamus,
1020 2784 1135 2838 lulianus
1147 2785 1182 2838 eit
1194 2803 1273 2851 rave,

105 2871 134 2926 C.
148 2871 263 2926 Caesare
274 2879 301 2926 et
310 2871 391 2926 Paulo
403 2889 471 2929 cose.
497 2874 571 2938 Quod
582 2873 688 2944 quidem
699 2874 829 2943 eclipseon
841 2887 871 2926 ac
884 2871 1035 2924 coelestium
1047 2875 1166 2924 motuum
1178 2871 1272 2924 deseri·

106 2959 163 3027 ptie
176 2963 204 3011 et
216 2958 281 3026 cycli
293 2959 343 3028 ipsi
354 2973 389 3012 ex
399 2959 502 3030 uulgari
513 2958 633 3014 methodo
650 2959 715 3012 satis
731 2959 868 3022 evincunt,
883 2962 913 3010 nt
927 2955 1031 3012 abunde
1046 2954 1170 3024 hactenus
1187 2961 1271 3010 oeten-

105 3043 205 3098 dimue.
223 3042 332 3106 Quodsi
345 3045 402 3114 quis
412 3061 501 3098 aeram
510 3046 656 3115 vulgarem,
668 3059 748 3114 qnam
757 3043 945 3114 Dionysiorum
956 3047 1063 3108 vocant,
1075 3059 1135 3096 cnm
1145 3043 1178 3096 iis
1190 3043 1271 3096 omni·

106 3131 157 3182 bue
176 3129 316 3184 conciliare
331 3131 454 3194 voluerit,
475 3131 528 3184 imo
545 3130 690 3184 consentire
705 3131 761 3200 ipae
778 3145 880 3194 mcum,
901 3129 1014 3200 primum
1029 3127 1130 3183 Iuliano
1153 3144 1222 3182 anno
1243 3143 1273 3182 ac

104 3223 177 3268 cess.
195 3229 262 3284 qnos
280 3215 335 3268 dixi
350 3217 464 3270 natalem
480 3214 576 3269 Christi
591 3215 703 3270 tribuere
720 3215 808 3280 debet,
825 3221 881 3268 tum
899 3214 1009 3268 eundem
1027 3213 1158 3268 Christum
1173 3213 1272 3268 loliano

106 3319 188 3355 aur.
209 3300 367 3370 baptisatam
383 3317 512 3366 asserere,
532 3317 602 3356 anno
618 3301 711 3354 aetatis
727 3319 801 3356 um.
819 3301 873 3354 iam
889 3301 1029 3371 completo,
1047 3305 1074 3352 et
1089 3299 1194 3352 ineunte
1211 3317 1272 3352 xxx.

105 3386 215 3456 Alioqui
234 3401 294 3440 cum
311 3385 482 3442 Geminorum
499 3387 652 3442 consulatus
669 3403 737 3442 auno
755 3405 829 3442 ιω.
848 3387 1023 3456 Dionysianae
1045 3401 1121 3438 aerae
1138 3390 1273 3453 congruat,

104 3473 183 3542 cyele
195 3471 260 3525 sella
269 3491 304 3538 n,
316 3473 393 3526 lunae
402 3491 438 3528 rr.
452 3472 570 3527 Christus
582 3473 693 3544 expletis
705 3473 835 3528 duntaxat
848 3489 932 3527 rervm
943 3471 1019 3524 annis
1030 3471 1175 3540 baptizatus
1188 3469 1272 3522 fuerit.

105 3559 164 3612 lmo
177 3575 240 3612 raro
251 3558 405 3627 siDionysii
416 3559 486 3612 illine
498 3575 573 3614 aerae
585 3559 725 3614 conditoria
737 3575 768 3612 ae
778 3558 865 3612 Bodas
876 3558 987 3612 decretis
998 3557 1157 3622 insistimus,
1169 3556 1273 3610 nonnisi

104 3661 183 3702 nvn
194 3659 279 3698 annos
290 3645 439 3700 absolverat
450 3643 580 3712 Christus,
591 3661 651 3700 eum
663 3645 696 3700 ad
707 3645 832 3698 loannem
843 3643 922 3698 uenit.

188 3847 355 3914 QUOMODO
373 3849 543 3905 VULOARIS
560 3849 651 3903 Anna
668 3849 801 3904 CHRISTI
819 3849 863 3901 AB
881 3845 1026 3903 AUTORIS
1044 3845 1194 3902 DIONYSll

498 3933 678 3990 INSTITUTO
699 3933 885 3989 DISSIDEAT.

177 4073 319 4128 Sciendum
331 4074 400 4128 enim
413 4079 453 4128 est
465 4089 563 4128 annum
574 4074 662 4140 dium,
676 4089 755 4144 quem
772 4087 847 4128 aerae
859 4071 975 4142 vulgaris
991 4069 1105 4142 primum
1120 4069 1231 4124 iacimus
1247 4076 1274 4124 et

104 4160 229 4230 proxime
241 4175 258 4212 a
269 4160 350 4212 natali
360 4160 419 4230 ipso
431 4159 572 4214 sursera
584 4159 757 4230 auspicamur,
771 4175 789 4212 a
804 4159 888 4230 primo
904 4159 973 4212 illius
985 4162 1076 4210 autore
1087 4157 1272 4211 incarnationis

103 4263 135 4298 ac
154 4245 253 4298 nauis
268 4261 368 4298 annum
383 4261 441 4300 esee
457 4245 641 4318 constitutum,
658 4244 685 4298 id
700 4245 769 4314 qnod
785 4261 818 4298 ex
830 4243 950 4312 Dionysii
964 4243 1047 4313 ipsius
1060 4259 1092 4296 ac
1104 4241 1190 4296 Bedae
1202 4244 1273 4298 teeti-

104 4331 197 4384 monio
209 4331 319 4400 planum
330 4331 434 4385 inciam.
456 4329 524 4384 Nam
535 4329 691 4398 Dionysius,
703 4335 733 4384 ut
743 4335 818 4384 autor
830 4329 950 4384 estBeda
961 4329 1005 4384 lib.
1017 4328 1049 4381 de
1061 4328 1150 4400 Temp.
1163 4329 1273 4384 Ratiorm

103 4433 165 4488 cap.
180 4434 241 4471 xor.
262 4423 289 4468 et
305 4417 367 4470 alibi
382 4431 473 4486 saepe,
489 4415 592 4484 cyclum
608 4431 685 4468 sunm
702 4431 831 4470 annorum
848 4433 942 4470 oxum
958 4414 991 4468 ab
1008 4431 1039 4468 eo
1055 4413 1187 4468 inchoarit
1203 4433 1271 4470 anno

104 4503 152 4572 qui
163 4501 372 4560 incarcatioaem
383 4510 408 4554 et
420 4502 584 4556 nahritatem
594 4503 743 4558 antecessit
765 4503 856 4572 ltaque
867 4501 981 4572 primum
992 4517 1090 4554 anunm
1103 4501 1167 4569 cycli
1178 4502 1220 4554 eui
1229 4517 1272 4554 vo·

104 4585 227 4642 luitenm
236 4603 302 4652 esse,
312 4588 356 4658 qni
365 4593 405 4642 est
413 4604 487 4642 aerea
497 4587 643 4644 communie
651 4605 762 4654 amu,
771 4587 979 4644 secundomrero
989 4603 1048 4644 eum
1057 4587 1103 4659 qui
1111 4591 1151 4642 est
1159 4601 1272 4644 earnm.
