3138 5044
1222 338 1366 404 ov„

104 501 165 559 lial.
176 502 252 575 Apa,
263 505 326 558 luua
336 521 402 560 mr.
412 505 469 575 (sed
479 521 526 577 pro
538 520 595 562 run
607 505 670 560 Καὶ
682 503 873 560 emendandum
881 509 922 558 est
932 523 968 559 ιι.
980 503 1043 558 Kal.
1049 523 1058 568 ι
1069 503 1166 574 alloqui
1176 505 1265 573 cyclus

105 594 177 644 asset
186 590 264 644 lunae
275 609 313 656 n,
324 607 378 644 nun
389 597 461 660 un.)
473 590 522 645 boc
533 597 573 645 est
585 607 653 644 auno
665 591 922 656 rrn'insaruatisnis,
933 589 1009 644 iuxta
1019 589 1180 660 Dionysium.
1198 589 1266 644 (lum

103 681 196 730 autem
204 676 237 728 ad
245 691 344 730 annum
354 694 462 732 nram.
471 675 557 732 Bedae
566 677 652 730 locum
661 677 738 741 citat,
749 677 824 747 quasi
833 677 867 730 sit
875 693 958 730 mnus
967 675 1121 730 Diocletiani
1130 689 1265 740 ocrnvnn,

103 761 173 814 scito
183 761 348 816 librariorum
360 779 444 816 errore
455 763 566 827 tactum,
583 769 613 816 ut
625 761 690 816 haec
707 769 783 828 nota,
799 777 867 833 quae
883 762 915 814 ad
932 777 1029 816 annum
1041 779 1144 816 nxrrn.
1155 761 1266 815 amotos

103 847 208 912 debuit,
224 847 252 902 in
263 847 372 902 dxxxiv.
385 837 567 912 coniicerstur3
584 863 617 902 ne
632 849 690 918 quis
701 848 767 902 lorte
778 849 925 902 Marianum
936 847 1074 901 discrimen
1084 847 1148 900 illud
1159 847 1265 912 biennii,

103 932 176 1004 quod
192 939 253 987 ants
269 949 351 988 annos
368 934 467 1006 aliquot
481 935 570 1004 urgeri
586 935 682 1004 coepit,
697 935 837 1004 agnovisse
853 949 914 987 cum
930 933 1061 1003 Scaligero
1078 939 1190 987 censeat.
1218 933 1265 986 Hic

103 1019 177 1072 enim
191 1019 236 1073 lib.
249 1037 285 1075 ιι.
301 1037 327 1090 p.
338 1019 397 1075 513.
414 1020 454 1074 sd.
465 1019 489 1074 2.
506 1019 537 1074 de
549 1020 657 1076 Emend.
670 1019 761 1091 Temp.
772 1020 960 1090 Dionysianam
970 1035 1058 1072 aeram
1069 1019 1174 1072 biennio
1187 1035 1266 1090 quam

102 1122 152 1176 par
168 1105 205 1160 sit
221 1106 365 1160 breviorem
380 1107 525 1160 aMarienu
541 1104 592 1160 dici
607 1105 756 1172 confirmat,
772 1111 800 1159 et
810 1105 874 1160 baec
884 1106 966 1176 ipsius
978 1105 1057 1160 verba
1068 1111 1265 1160 commemorat:

103 1193 181 1246 Auno
197 1195 235 1246 ud
250 1195 381 1248 emnam
398 1191 537 1260 Ecuupelis'
548 1209 671 1256 unsrun,
688 1194 823 1244 ειιιιιιᾰιιιιι
839 1209 897 1244 aero
909 1191 1029 1260 Dionysii
1040 1181 1266 1259 cyctssu'rrnxxrv,

103 1277 299 1342 Hworasntu,
315 1282 358 1348 qus·
374 1289 399 1331 et
416 1279 555 1346 &royenses
566 1283 615 1332 etc.
638 1276 711 1342 Quae
726 1276 832 1348 quidem
843 1277 923 1330 verba
938 1276 965 1330 in
976 1277 1089 1330 editione
1100 1276 1266 1332 Francolord.

102 1361 264 1427 Pistoriens,
276 1379 343 1433 queo
354 1363 419 1418 mibi
428 1379 487 1417 curn
497 1362 561 1416 baec
572 1363 712 1416 scriberem
723 1363 756 1416 ad
767 1379 875 1416 manum
887 1369 954 1427 erat,
965 1379 1095 1433 nusquam
1104 1363 1196 1434 reperi.
1214 1363 1266 1418 Sed

103 1455 132 1500 ut
144 1447 243 1500 alieubi
253 1449 382 1518 legantur,
395 1449 453 1520 quis
465 1466 517 1504 non
530 1449 703 1502 emendandas
715 1465 774 1502 esee
785 1449 931 1507 numerales
942 1453 1019 1501 notae
1030 1447 1134 1501 videat?
1162 1449 1266 1502 Etenim
1376 1461 1382 1474 “

102 1533 225 1602 Dionysii
234 1533 322 1612 cyclus
331 1535 466 1606 vulgarem
478 1551 567 1589 aeram
578 1551 631 1588 uno
642 1533 774 1606 praecedit
784 1550 866 1598 anno,
878 1539 968 1602 estque
977 1533 1044 1602 cycli
1052 1534 1181 1588 secundus
1190 1551 1266 1588 aerae

102 1619 213 1688 primus.
230 1617 304 1672 Unde
315 1619 339 1672 si
350 1620 407 1689 quis
420 1635 507 1674 aeram
519 1621 624 1674 biennio
635 1625 795 1691 promoveat,
807 1619 902 1686 incidet
913 1617 940 1671 in
950 1617 1191 1672 decemnovennalis
1200 1621 1267 1690 cycli

102 1719 202 1758 annum
215 1721 282 1770 aru,
293 1705 385 1774 msgni
395 1707 461 1775 cycli
473 1706 627 1775 Dionysiani
640 1721 754 1770 nxrrrn,
766 1703 815 1758 hoc
826 1710 867 1757 est
878 1704 984 1758 alterim
995 1703 1060 1772 cycli
1071 1705 1225 1774 postulatitii
1235 1721 1267 1758 ac

103 1789 242 1860 proleptici
259 1789 387 1844 ultimum.
411 1791 523 1862 Ideoque
540 1807 625 1844 annm
637 1791 744 1845 canoris
760 1805 836 1844 aerae
848 1807 956 1843 snxrvs.
969 1789 1018 1842 erit
1030 1790 1184 1858 Dionysiani
1200 1791 1267 1859 cycli

102 1891 217 1939 annu,
233 1893 287 1930 nou
299 1893 408 1930 ιιιιιιι.
431 1877 570 1931 Debuisset
581 1877 715 1930 Marianus
732 1893 784 1930 nou
802 1875 905 1946 cyclum
916 1875 1046 1945 Dionysii,
1062 1875 1109 1928 sed
1124 1891 1211 1928 aeram
1228 1877 1266 1929 di·

102 1977 169 2013 cere.
192 1960 300 2030 Uyclum
318 1963 387 2016 enim
399 1963 588 2034 Dionysiorum
605 1979 689 2035 nsque
700 1963 833 2017 Marianus
847 1979 931 2032 neque
943 1961 1094 2032 Sigebertus
1106 1961 1265 2032 improbant:

102 2045 148 2098 sed
161 2047 349 2102 incarnationis
361 2049 437 2103 annis
452 2067 570 2121 perverso
582 2051 711 2104 duntaxat
721 2050 851 2120 illigatum
867 2049 1031 2112 existimant3
1047 2049 1076 2100 in
1091 2063 1143 2118 qno
1159 2065 1212 2101 non
1228 2047 1266 2102 bi·

102 2133 196 2198 snnio,
214 2133 261 2187 ssd
276 2135 352 2187 aunis
369 2135 459 2190 solidis
475 2137 576 2190 duobus
591 2143 618 2191 et
628 2138 723 2208 viginti
734 2137 881 2191 aberratum
893 2151 950 2188 esse
962 2138 1087 2188 statuunt
1112 2134 1145 2187 ut
1156 2151 1216 2188 cum
1227 2151 1265 2188 er·

102 2235 190 2272 rorem
200 2219 281 2274 istum
291 2221 394 2291 vuigoni
404 2237 532 2276 annorum
542 2225 638 2278 raticnl
649 2231 703 2278 tam
714 2229 864 2278 constanter
875 2220 1035 2285 adscribant,
1046 2222 1142 2274 mirum
1154 2226 1195 2274 est
1206 2221 1266 2274 illos

101 2305 128 2357 in
140 2305 326 2376 Chronologiis
342 2308 397 2360 suis
415 2309 448 2362 ad
459 2325 517 2361 eam
529 2309 613 2379 ipsam
625 2311 773 2364 adhaesisse
785 2325 864 2380 quam
876 2307 1075 2372 damnaverant,
1092 2321 1177 2377 neque
1192 2308 1267 2361 aliter

101 2407 184 2460 quam
200 2409 235 2444 ex
251 2391 413 2460 Dionysiano
430 2395 588 2466 praescripto
605 2401 723 2467 tempora
738 2396 887 2467 digessisse.
921 2394 1055 2448 Marianus
1071 2393 1142 2447 enim
1158 2393 1192 2446 ad
1207 2411 1267 2448 ιιιιιι

100 2493 203 2530 annum
220 2478 267 2548 qui
282 2477 487 2534 intimationem
504 2485 531 2533 et
547 2481 661 2536 natalem
678 2482 776 2536 domini
792 2480 889 2550 ἀμέιως
902 2480 1040 2546 antecedit,
1058 2479 1123 2533 baec
1135 2480 1265 2534 observat:

102 2563 196 2630 Cietae
208 2581 314 2632 muquus
322 2565 460 2634 paucitatis
470 2569 564 2636 incipit
574 2567 648 2620 linc:
662 2571 690 2620 tu
702 2572 773 2620 cuius
784 2585 851 2620 anuo
862 2569 971 2619 secundo
982 2571 1055 2620 iustu
1067 2566 1217 2632 Dionysium
1228 2570 1266 2618 r‘a·

101 2649 214 2700 masone
224 2653 302 2701 tertia
311 2659 386 2701 natus
395 2659 433 2702 est
440 2651 572 2708 Ιὶοιιιίιιιι.
589 2653 661 2707 idem
673 2654 752 2708 etiam
763 2669 832 2706 anno
844 2652 975 2722 sequenti,
987 2651 1063 2704 Urbis
1072 2665 1189 2714 noctur,
1200 2650 1266 2703 Len-

100 2735 156 2787 tulo
169 2739 197 2787 et
207 2735 351 2788 Messalino
363 2751 429 2792 coss.
442 2737 545 2808 Olymp.
558 2750 661 2802 cxciv„
678 2755 747 2792 auno
764 2755 802 2792 ιιι.
819 2737 908 2790 indict
920 2753 954 2790 ιι.
971 2736 1012 2788 die
1029 2735 1159 2790 dominico
1175 2741 1267 2790 natum

99 2837 158 2875 esse
170 2819 306 2875 Uhristum
317 2827 458 2878 asseverat.
481 2823 573 2894 Itaque
587 2823 760 2876 Christianam
775 2839 862 2876 aeram
879 2839 895 2875 a
912 2822 983 2890 cyclo
1000 2819 1160 2890 Dionysisno
1176 2841 1206 2878 ιι.
1222 2839 1266 2875 er-

100 2925 177 2962 orsus
190 2913 245 2972 est,
263 2908 336 2976 cyclo
349 2908 412 2962 solla
424 2927 462 2974 x.‚
477 2909 553 2962 litera
565 2909 633 2962 dom.
646 2909 688 2974 B.,
704 2915 760 2962 tam
776 2910 803 2961 in
820 2907 957 2961 emendata
967 2907 1064 2960 bisexti
1074 2907 1175 2960 radone
1186 2921 1266 2978 quam

99 2995 126 3048 iu
137 2995 236 3048 vitiosa
252 2993 310 3057 illa,
327 2993 431 3063 qualem
446 3011 481 3048 ex
497 2995 577 3047 Paulo
592 2995 814 3064 Middelburgenei
829 3009 908 3064 snpra
921 2994 1113 3064 proposuimus.
1138 2991 1190 3046 Sed
1206 3011 1266 3048 cum

98 3079 170 3133 idem
185 3079 322 3133 mimus
339 3078 472 3134 Christum
488 3080 525 3132 ait
542 3079 684 3134 secundum
701 3079 856 3150 Dionysium
873 3085 965 3133 natum
987 3079 1076 3134 indict.
1094 3097 1147 3144 nn,
1168 3079 1267 3134 librarii

98 3165 177 3235 culpa
187 3181 230 3218 ιιι.
242 3179 291 3234 pro
304 3181 338 3216 ιι.
351 3164 461 3235 irrepsit.
484 3164 552 3218 Nam
564 3165 674 3220 subinde
685 3165 773 3218 indict.
784 3183 820 3220 ιν.
834 3171 910 3219 natus
922 3165 1022 3218 dicitur.
1045 3165 1161 3218 Tametsi
1172 3183 1205 3220 ue
1216 3165 1265 3220 boc

97 3251 205 3320 quidem
216 3263 309 3302 verum
320 3254 373 3315 est,
384 3249 526 3304 indictione
538 3269 573 3304 nv.
585 3256 677 3304 natum
689 3267 759 3316 esse,
772 3252 817 3304 sed
826 3269 863 3316 a,
875 3253 898 3304 si
909 3251 1015 3322 quidem
1025 3251 1179 3305 indictiones
1192 3269 1208 3304 a
1219 3253 1266 3305 Se·

98 3335 227 3404 ptembri,
242 3338 273 3386 nt
287 3333 360 3388 Beda
376 3335 464 3401 docet,
480 3335 594 3390 exordiri
605 3337 723 3390 velimus.
747 3336 813 3390 Gum
825 3337 895 3390 enim
906 3338 1102 3407 pernoscamus
1113 3337 1266 3408 Dionysiuni

98 3421 164 3490 cycli
174 3419 267 3474 indict.
279 3437 318 3476 ur.
330 3421 456 3492 coeperit,
473 3422 546 3475 cuius
562 3439 579 3475 a
595 3422 742 3492 Septembri
758 3427 851 3492 quarta
868 3424 953 3493 coepit
969 3423 1087 3488 indictio,
1102 3441 1265 3494 consequens

97 3511 138 3558 est
148 3521 252 3560 annum
264 3505 381 3560 eiusdem
392 3507 459 3576 cycli
470 3525 513 3571 ιι.,
529 3509 574 3577 qui
585 3508 674 3562 indict
687 3527 722 3562 ιι.
734 3508 832 3578 coepit,
849 3509 876 3561 in
887 3508 951 3572 tine,
967 3507 1016 3562 boc
1033 3507 1074 3562 est'
1084 3526 1101 3562 a
1111 3509 1265 3580 Septembri,

98 3592 271 3646 indictionem
283 3591 402 3660 quintam
414 3591 549 3656 habuisse;
567 3599 594 3645 et
605 3595 729 3663 quoniam
740 3592 871 3658 Christus,
887 3601 917 3646 ut
927 3595 1005 3646 toties
1016 3595 1150 3648 Mensam
1162 3595 1266 3659 occinit,

96 3693 168 3732 auno
179 3677 251 3747 cycli
261 3667 377 3730 &cundo
388 3683 465 3730 natus
478 3685 530 3742 est,
542 3678 682 3733 indictione
694 3678 763 3732 baud
775 3679 854 3732 dubie
865 3679 957 3749 quinta
968 3685 1061 3734 uatum
1072 3697 1136 3734 esse.
1291 3715 1310 3754 p,
1322 3705 1364 3746 1¹7,

165 3762 202 3815 Ut
213 3765 304 3815 autem
315 3763 388 3816 nulla
400 3761 594 3834 Scaligerisuae
611 3765 748 3836 suspitioni
764 3765 864 3818 latebra
880 3765 1005 3835 supersit,
1021 3779 1075 3834 que
1089 3765 1187 3818 biennii
1203 3783 1266 3834 upo-

97 3845 237 3918 χρονισμὸν
251 3847 341 3913 iUum,
358 3865 436 3918 quem
451 3849 628 3919 Dionysianae
644 3865 721 3904 aerae
736 3851 839 3914 tribuit,
855 3851 973 3904 Mariano
990 3849 1137 3904 suboluisse
1154 3851 1266 3916 coniicit,

96 3931 282 3986 admonendus
299 3933 380 3987 lector
396 3939 438 3988 est
453 3935 522 4005 apud
533 3935 694 4002 Marianum,
711 3953 777 4006 quae
794 3936 827 3989 ad
844 3951 927 3989 annos
945 3935 1075 4006 adscripta
1090 3941 1153 3988 suut
1168 3934 1266 3990 scholia

95 4033 287 4088 asperumero
304 4019 396 4072 luxata
411 4037 460 4074 suo
472 4021 530 4074 loco
541 4027 567 4074 et
577 4022 661 4075 alieno
673 4021 758 4092 poslta
769 4021 863 4087 videri,
880 4037 928 4075 nec
940 4038 998 4074 raro
1010 4037 1177 4074 numerorum
1188 4027 1264 4076 notas

96 4121 155 4158 esse
167 4103 321 4158 meudssas.
344 4104 464 4176 Exempli
476 4123 569 4160 cauam
583 4123 680 4160 annum
691 4107 805 4178 primum
816 4109 883 4177 cycli
894 4107 1047 4176 Dionysiani
1059 4108 1193 4177 componit
1205 4123 1266 4162 eum

96 4205 166 4244 anno
179 4188 260 4244 Urbis
272 4203 412 4256 nccxnrr.·,
429 4191 528 4245 Sabino
545 4197 571 4245 et
581 4191 704 4247 Passieno
717 4209 784 4248 coss.
819 4195 886 4247 Tum
902 4209 970 4246 anno
988 4193 1107 4262 sequenti
1119 4192 1228 4246 Lentulo
1241 4201 1267 4248 et

94 4275 242 4330 Messalino
251 4291 320 4328 eoas.
329 4292 398 4330 anno
407 4277 490 4347 primo
501 4275 604 4341 Christi,
613 4283 733 4332 numerat
741 4279 818 4334 Urbis
828 4295 928 4334 nconn.
938 4277 1099 4349 Olympiadis
1108 4293 1170 4332 veru
1177 4293 1265 4333 cxciv.

95 4377 197 4416 ιιιιιιιιιι
209 4379 250 4416 ιιι.
272 4361 354 4431 Atqui
370 4377 455 4415 annus
472 4379 529 4416 esse
546 4362 636 4416 debuit
647 4362 722 4416 Urbis
735 4381 829 4430 neon,
846 4371 876 4419 ut
892 4371 933 4418 set
943 4366 971 4418 ln
982 4365 1067 4418 Fastis
1079 4363 1228 4418 Cassiodori
1239 4373 1266 4418 et

95 4447 260 4519 Cuspiniani
283 4447 404 4502 mnium
415 4449 496 4520 igitar
508 4465 523 4501 a
535 4449 640 4502 librario
652 4455 704 4514 est,
717 4452 762 4520 qui
774 4451 832 4506 752.
845 4451 961 4521 prelio.
973 4451 1120 4520 exscripsit
1142 4451 1265 4504 Proinde·

95 4549 145 4601 que
157 4549 215 4586 nun
224 4537 278 4588 tres
286 4533 349 4586 anni
357 4533 462 4598 desunt,
474 4535 535 4588 ntis
544 4534 589 4604 qui
598 4534 707 4588 editioni
716 4536 829 4605 praefuit
837 4537 984 4600 mutavit,
996 4553 1093 4606 neque,
1105 4541 1135 4590 ut
1146 4535 1266 4590 deessent

95 4617 290 4692 aliqui,pluras
298 4617 399 4673 duobus
408 4617 539 4674 inserendi
546 4621 640 4675 forent
657 4618 716 4676 Non
725 4622 795 4676 euim
804 4622 986 4678 animadvertit
994 4637 1082 4678 aeram
1091 4621 1265 4676 Christianam
