3138 5044
297 287 395 344 CXXII

295 443 437 497 Porideoue
451 441 698 514 perum'ooarmode
714 443 828 496 muriceo
844 440 908 496 mibi
918 441 1026 496 videtur.
1059 440 1177 496 Primum
1192 439 1380 496 Roidromioui
1390 439 1455 511 Pyrr

294 529 461 599 uepeiouem,
478 545 531 582 uou
541 528 786 582 hleemacteriouem
802 527 933 598 adiungit,
950 525 1027 597 idque
1038 526 1215 596 compluribus
1225 527 1389 597 argumentis
1399 543 1457 598 per·

294 614 403 668 euadere
414 613 518 679 nititur;
529 629 596 684 quae
608 613 708 678 omnia,
720 614 744 666 ei
752 613 828 668 uuiue
837 612 1045 683 llerpoorefiouie
1053 611 1234 666 testimouium
1241 613 1373 682 excipiar,
1385 613 1458 666 irrita

294 703 355 752 eunt
367 705 394 752 et
403 699 500 752 luania
523 698 567 752 Sic
578 705 666 752 eutem
677 699 858 752 ratiocinetur:
874 697 1053 768 Pyeuepeiom
1068 701 1098 750 ut
1108 702 1184 750 eutor
1195 703 1235 750 eet
1245 697 1312 750 Plut
1323 697 1412 752 Treot.
1424 697 1456 751 de

293 784 374 849 Iside,
384 785 505 854 congruit
515 783 605 855 Athyr,
617 784 666 838 hoo
677 789 717 837 eut
727 782 875 838 Novembri.
894 781 1024 836 Porideou
1036 787 1124 836 enum
1135 787 1177 839 eet
1186 783 1335 847 leuuerim,
1347 787 1379 836 ut
1388 782 1456 836 l’lut

295 871 322 924 iu
334 869 445 924 Caesare
456 871 558 935 scribit,
576 885 636 924 cum
654 886 756 940 comper
770 874 831 939 poet
841 869 961 922 brumum
972 868 1087 938 incipiet.
1110 869 1195 938 Atque
1206 867 1275 922 idem
1286 867 1355 923 Plut
1367 867 1457 943 lulle-

295 954 391 1011 morth.
403 961 456 1010 trec
465 955 529 1009 ietoe
538 971 643 1009 meucee
655 955 802 1020 continuet,
813 953 1042 1024 Metegitniouem‚
1055 951 1286 1018 Boedromiouem,
1297 953 1456 1024 Pyenepeio-

294 1057 363 1094 uero.
388 1039 453 1096 (lum
462 1041 542 1111 igilur
553 1045 580 1094 et
587 1039 753 1111 Ppeuepeiou
764 1039 799 1094 eit
807 1038 953 1094 November
963 1043 990 1092 et
997 1038 1126 1094 Porideou
1133 1038 1279 1103 lenuariue,
1291 1039 1380 1092 nullue
1389 1039 1457 1092 eliue

295 1126 432 1180 Decembri
443 1141 585 1196 congruere
596 1131 684 1196 potest
698 1131 799 1197 praeter
814 1125 1068 1180 llaemecteriouem.
1103 1123 1143 1178 Ad
1159 1123 1223 1178 baec
1237 1123 1368 1178 Diodorus
1385 1123 1405 1179 l.
1418 1141 1456 1178 ru.

294 1213 431 1266 continuet
441 1210 489 1264 boe
501 1211 566 1265 dnoe
578 1227 682 1266 meuree
694 1211 938 1265 hleemeoteriouem
950 1215 976 1264 et
986 1209 1165 1264 Porideouem

363 1295 415 1350 Sed
426 1295 555 1350 eiusmodi
565 1303 607 1350 eet
617 1297 683 1350 retio
695 1296 834 1366 Scaligeri,
845 1301 876 1348 ut
887 1295 920 1348 ed
931 1296 1087 1349 contrariam
1099 1293 1185 1348 Geeee
1196 1295 1354 1348 coutentium
1364 1310 1457 1366 appro-

295 1381 408 1436 bandam
420 1382 503 1452 aptior
514 1383 658 1460 euoogiteri
668 1383 740 1436 nulla
750 1381 842 1452 poerit
872 1379 939 1434 Nem
950 1380 973 1434 ri
983 1379 1146 1450 Pyenepeiou
1157 1379 1299 1434 Nouembri
1308 1379 1456 1450 respondet,

295 1467 506 1522 lleoatombeeou
522 1473 611 1520 eutem
627 1467 707 1532 Iulio,
728 1473 757 1519 ut
771 1466 855 1520 eidem
872 1465 1005 1537 scaligero
1022 1466 1118 1536 placet,
1135 1465 1309 1536 Metegituiou
1325 1465 1457 1534 Augueto,

295 1551 470 1607 Boddromiou
481 1551 642 1623 Septemhrl‚
659 1553 718 1623 quie
730 1551 869 1606 Octobrem
886 1552 952 1606 eliue
963 1555 1065 1622 praeter
1075 1551 1320 1606 Meemecteriouem
1337 1550 1390 1604 eibi
1401 1551 1457 1606 uiu-

296 1637 408 1692 dicabit?
428 1637 545 1692 Pessime
557 1638 643 1708 iteque
655 1645 774 1708 quartem
785 1637 824 1692 illi
835 1637 924 1691 eedem
936 1636 1066 1702 attribuit,
1083 1652 1114 1690 ac
1129 1639 1178 1688 τῶν
1197 1632 1325 1704 ἂιιωρινῶν
1343 1635 1457 1706 primum

295 1723 369 1788 iecit,
386 1723 410 1776 ei
421 1721 561 1776 Nouembri
577 1723 705 1792 congruit.
728 1723 798 1777 Seue
809 1723 1017 1793 Ppabepeiouem
1029 1722 1149 1792 quintum
1160 1721 1247 1792 potine
1259 1737 1340 1791 quem
1352 1739 1388 1774 ιν.
1399 1737 1457 1774 enee

295 1808 486 1862 uumereudum
497 1825 531 1861 ex
542 1825 573 1862 eo
586 1809 725 1878 colligitur,
737 1809 808 1878 quod
818 1807 897 1862 hiemi
908 1820 1012 1878 quoque
1023 1807 1159 1878 triburium.
1176 1805 1244 1860 Nem
1252 1805 1459 1876 Thesmophoria

296 1894 475 1965 Ppeuepeioue
485 1910 576 1948 menne
587 1892 698 1958 fiebant,
710 1899 740 1946 ut
749 1894 817 1947 Plut
825 1894 853 1946 in
862 1891 996 1947 Demoeth.
1008 1891 1148 1963 eiguifioet.
1164 1890 1371 1964 Thesmophoria
1381 1908 1457 1962 porro

295 1979 323 2032 iu
334 1971 447 2032 hiemem
462 1980 593 2032 incurrere
606 1983 716 2031 metetur
727 1977 913 2050 Aristophanes
924 1977 1187 2049 Θεσμοφοριαζούσαις.
1209 1976 1284 2048 Apud
1297 1994 1377 2048 quem
1388 1979 1457 2048 Age·

294 2063 383 2118 thouie
394 2079 485 2120 καιτοι
496 2063 528 2118 de
540 2061 803 2134 Thesmophoriorum
813 2067 929 2135 tempore
941 2065 979 2117 uic
989 2064 1116 2134 loquitur:

598 2179 632 2190 -
648 2179 683 2190 -··
699 2177 732 2188 -
749 2179 783 2191 ···
800 2149 873 2212 οὗτος
885 2146 932 2220 γὰρ
944 2145 1014 2210 ἔξεισι
1025 2147 1092 2219 τάχα

599 2233 645 2286 llcl
657 2233 704 2304 γὰρ
716 2235 854 2305 μιλοαοιέῖν
867 2231 980 2306 ἄρχεται,
993 2237 1113 2306 χειμῶνος
1126 2227 1168 2284 οὖν

599 2316 690 2382 Ὀντος
702 2317 881 2392 κατακάμπτειν
893 2315 935 2382 τὰς
947 2319 1054 2391 στροφὰς
1066 2318 1095 2371 od
1107 2317 1190 2390 ῥᾴδιον

600 2403 649 2458 Ἦν
661 2404 695 2476 μὴ
707 2401 780 2476 προίῃ
793 2405 880 2476 θύραζε
892 2404 952 2476 αρὀς
964 2405 1007 2457 τὀν
1018 2403 1097 2470 ἥλιον.

364 2490 499 2545 Accedunt
513 2491 628 2546 rationes
645 2491 724 2556 eliae,
741 2508 807 2563 queo
825 2489 989 2545 eTheodoro
1004 2489 1152 2562 properiter
1168 2487 1285 2560 Scaliger
1302 2489 1457 2544 dbeimulat

298 2575 486 2644 veneralia,
502 2579 570 2648 quod
582 2578 660 2630 Arist
676 2578 695 2630 l.
706 2595 740 2630 vr.
758 2577 789 2631 de
800 2577 866 2632 Hiet.
875 2577 961 2631 Auim.
979 2593 1001 2631 o.
1012 2593 1085 2630 ιω.
1101 2559 1286 2630 Boddromioui
1299 2576 1463 2629 hleemuete·

287 2663 397 2717 tionem
408 2664 555 2734 subiungit,
566 2664 612 2718 ubi
623 2663 654 2716 de
666 2679 800 2717 cervorum
812 2663 878 2716 initu
888 2659 1044 2733 loquiturzh
1057 2659 1083 2713 bl
1096 2655 1166 2732 ὀχεία
1177 2659 1267 2732 plueret
1276 2657 1330 2730 μετ’
1339 2658 1463 2730 'Apatou-

298 2768 340 2820 ρον
353 2749 460 2821 replebo
472 2750 649 2822 Βοηδρομιῶνα
666 2748 705 2801 καὶ
717 2748 933 2819 Μαιμακτηριῶνα.
966 2746 1016 2812 Qui
1031 2747 1103 2800 locus
1120 2745 1252 2816 Scaligero
1269 2745 1406 2800 silentium
1423 2748 1464 2801 iu·

297 2836 365 2901 dicit,
375 2841 401 2889 et
410 2835 496 2892 Gerae
504 2835 654 2907 opinionem
663 2835 764 2888 eemuit
778 2833 836 2888 Duo
846 2834 916 2887 enim
925 2849 958 2887 ex
967 2833 1000 2886 iic
1009 2831 1094 2886 verbio
1103 2837 1172 2886 recte
1181 2831 1318 2886 concludit.
1330 2831 1464 2898 Alterum,

296 2921 542 2977 hleomecterionem
550 2922 628 2992 paulo
637 2926 697 2992 poet
705 2921 808 2976 Arcturi
819 2925 905 2973 ortum
915 2918 1041 2990 incipere,
1053 2917 1150 2988 alioqui
1157 2917 1255 2971 trustra
1263 2917 1464 2972 hleemecterio·

298 3023 359 3061 nem
378 3005 563 3062 Boidromioui
581 3007 726 3060 subiiceret
764 3005 889 3059 Arcturus
907 3009 995 3058 eutem
1012 3004 1081 3057 circe
1096 3003 1248 3057 autumnale
1265 3003 1465 3072 aequinoctium

299 3092 387 3146 oritur.
410 3091 478 3145 Nem
489 3091 682 3162 Theophrastus
694 3091 809 3163 aepoviov
821 3088 913 3144 florere
925 3089 988 3143 dicit
998 3088 1051 3160 cepi
1060 3087 1209 3159 Ἀρκτοῦρον
1226 3105 1251 3142 τε
1267 3087 1307 3140 καὶ
1325 3086 1465 3161 ἰσημερίαν.

300 3177 415 3231 Gelonus
427 3178 541 3248 iusuper,
557 3172 607 3228 ἔστι
620 3175 677 3247 μὲν,
693 3177 790 3248 iuquit,
808 3173 960 3246 ὡραιότατον
976 3177 1018 3241 τῆς
1034 3171 1121 3241 ἐλάτης
1136 3173 1165 3226 rb
1178 3173 1276 3244 σπέρμα
1287 3173 1341 3244 περὶ
1353 3173 1397 3226 τὸν
1410 3173 1466 3229 ἐπι-

299 3260 374 3329 τολὴν
391 3266 435 3314 τοῦ
450 3259 612 3332 Ἀρκτούρου,
631 3259 693 3323 ὅςτις
710 3259 792 3332 καιρὸς
810 3259 834 3313 ἐν
852 3259 937 3330 Ῥώμη
957 3257 970 3312 d
989 3257 1139 3331 καλούμενος
1157 3257 1200 3329 μὶν
1217 3258 1382 3330 Σεπτέμβριός
1402 3257 1465 3314 ἔστι.

299 3347 384 3412 Quare
400 3347 531 3402 modicum
548 3363 565 3400 e
581 3348 728 3418 Septembri
748 3347 844 3408 distare
863 3346 1108 3401 Meemecterionem
1125 3361 1232 3400 necesse
1249 3349 1297 3399 eet.
1332 3344 1467 3412 Alterum,

300 3433 370 3504 quod
383 3432 453 3487 Gaea
469 3433 582 3504 colligit,
599 3439 652 3499 eet,
669 3433 913 3488 Meemaoterionem
931 3430 1115 3485 Bobdromioui
1131 3431 1282 3502 proximum
1298 3445 1364 3484 esee.
1392 3429 1468 3486 Nem

300 3519 402 3590 quotiee
414 3519 478 3572 duos
490 3535 593 3572 meueee
605 3519 643 3572 ite
654 3520 769 3589 copulat,
785 3524 815 3572 nt
830 3517 927 3588 aliquid
941 3518 1095 3588 praesertim
1111 3517 1179 3570 circa
1191 3523 1294 3587 tempue
1306 3519 1410 3569 certum
1422 3533 1467 3572 ao·

300 3605 385 3659 cidere
396 3605 447 3658 illie
459 3604 593 3658 mensibus
604 3604 684 3670 dicet,
702 3605 840 3659 continuos
853 3619 911 3658 eree
922 3619 1026 3657 meuses
1038 3602 1158 3657 ostendit.
1193 3601 1234 3654 Ita
1250 3617 1309 3654 cum
1326 3599 1358 3654 de
1374 3601 1468 3658 bobus

299 3692 367 3762 egit:
388 3685 505 3762 ἄρχονται
524 3692 566 3757 τῆς
584 3685 665 3762 ὀχείας
682 3688 706 3744 ol
723 3689 781 3759 βοῦς
798 3689 852 3760 περὶ
871 3687 913 3742 the
931 3687 1095 3760 θαργηλιῶνα
1112 3690 1177 3758 μῆνα
1193 3686 1234 3740 καὶ
1251 3683 1469 3757 Σκιῤῥοροριῶνα.

299 3778 383 3833 Multo
395 3776 494 3846 megie,
506 3791 566 3830 cum
577 3782 712 3847 praeterea
723 3781 823 3830 certum
834 3780 936 3846 tempor
952 3779 979 3827 et
994 3773 1127 3826 cardinem
1139 3773 1270 3843 adiungit,
1287 3777 1317 3824 ut
1332 3771 1387 3842 περὶ
1405 3790 1470 3846 τρο-

300 3863 346 3924 πὰς
363 3868 389 3917 et
405 3861 459 3932 cepi
475 3859 517 3912 rho
529 3858 685 3932 Ἀρκτοῦρον.
708 3861 776 3916 Τοιιι
787 3861 857 3914 euim
869 3861 994 3931 αροςεχιϊς
1005 3859 1044 3912 illi
1055 3873 1158 3912 meneee
1170 3857 1282 3911 habendi
1293 3862 1363 3910 eunt
1383 3857 1469 3914 Prae·

215 4007 221 4020 .
269 4009 275 4023 ,
300 3955 371 4003 terea
386 3949 449 4003 ιιι.
467 3963 545 4002 oxu.
563 3947 652 4001 scribit
666 3947 735 4001 idem
746 3947 897 4001 Aristotelee
915 3945 1084 3998 imbecilliore
1101 3959 1219 4014 quaeque
1233 3948 1289 3995 tam
1305 3941 1333 3996 lu
1347 3942 1471 4012 piscium

301 4050 379 4104 quem
394 4034 422 4087 in
438 4033 525 4086 arium
540 4047 636 4102 genere
651 4037 788 4102 appetente
804 4031 901 4101 frigore
911 4031 983 4101 prius
995 4031 1023 4083 in
1034 4029 1211 4085 commodiore
1220 4030 1279 4083 loce
1289 4028 1419 4098 migrare,
1439 4037 1471 4084 ut

301 4120 445 4172 coturnices
456 4125 516 4172 aute
529 4134 608 4188 quem
619 4133 704 4188 grues.
729 4116 767 4169 Te
778 4115 821 4186 pte
833 4115 880 4186 γὰρ
893 4112 1039 4186 μεταβάλλει
1050 4119 1094 4167 τοῦ
1107 4115 1307 4185 Βοηδρομιῶνος,
1326 4112 1356 4164 τὰ
1374 4111 1401 4166 dl
1421 4121 1470 4170 τοῦ

300 4202 529 4273 Μαιμακτηριῶνος.
562 4205 668 4256 Atvero
686 4217 764 4272 grues
782 4217 870 4256 menne
886 4202 1007 4272 proximo
1025 4202 1105 4254 abeo
1124 4215 1176 4270 quo
1194 4200 1338 4253 cotumioee
1356 4201 1471 4256 evolant

302 4287 415 4357 migrere
430 4289 567 4342 cernimur.
590 4287 637 4341 liet
652 4288 733 4358 igitur
747 4287 950 4342 hleomeoteriou
960 4286 1143 4341 Roidromioui
1159 4285 1303 4356 proximus.
1325 4284 1470 4342 Poetremo

301 4371 371 4426 idom
380 4373 604 4429 hrietoteleel.r1.
618 4391 639 4426 ο.
648 4391 684 4428 un
696 4373 787 4426 scribit
796 4372 863 4426 inter
871 4372 989 4443 γαλεούς,
1002 4389 1067 4443 quoe
1079 4371 1205 4426 murtelac
1219 4370 1290 4426 Gaze
1299 4375 1390 4435 vocat,
1401 4387 1471 4428 eum

302 4457 348 4529 qui
359 4453 469 4528 οἰσττρίοτ
485 4457 584 4524 dicitur,
602 4455 719 4529 ἄρχεσθαι
735 4453 862 4532 ὀχεύεσθαι
875 4457 1094 4528 Μαιμακτηριῶνος
1107 4457 1190 4527 μηνός.
1214 4454 1289 4520 Quod
1300 4455 1392 4514 rtatim
1403 4465 1472 4528 poet

302 4542 496 4616 aequinoctium
507 4544 657 4614 contingere
668 4545 810 4616 pircetoreo
822 4549 959 4600 metemur.
983 4543 1039 4599 lem
1051 4542 1121 4616 quod
1132 4542 1165 4596 ed
1176 4539 1341 4598 Plutarchum
1352 4549 1469 4615 specht,
