3104 5038
1141 343 1255 402 GOGXV

94 503 195 575 quando
207 519 252 557 trac
265 502 383 556 Cdsn'rtol
406 501 440 558 Ill
456 503 539 558 multo
556 501 720 558 mihttlu
736 501 783 556 lib.
800 502 832 556 ds
849 501 944 558 Anime
958 515 1131 572 etp-tumus
1150 501 1220 566 Qua'o
1232 511 1255 555 st

94 590 193 644 usust
203 592 279 647 tetam
289 589 472 644 hebdomadum
482 593 591 642 stotious
602 593 673 642 orest
681 591 782 642 uictum.

161 674 215 728 Sed
223 673 1002 746 egcetmonenepoduenollisnompreossrtinreligtosnm
1010 673 1255 727 illudeasetidelinm

93 759 212 816 officinm
223 759 342 825 arbitror,
354 777 406 830 quo
414 761 492 814 certis
501 760 592 814 diebu
601 759 635 813 ad
643 761 757 829 synaxin
765 759 902 825 adeuntes,
913 759 1010 814 ibidem
1019 759 1053 812 sd
1065 775 1161 814 nonam
1171 775 1255 831 nsque

91 846 307 918 perseverabant,
325 845 358 899 ad
375 861 455 916 quarn
471 846 577 916 insuper
593 845 690 900 ieiunia
700 845 886 916 producebant.
911 843 985 898 Unde
996 849 1022 898 st
1032 861 1079 916 pro
1090 845 1255 899 multitudiue

90 933 150 1004 ipsa
167 937 349 1002 conventuque
365 947 555 1001 nonnunquam
572 931 639 984 solet
655 931 747 1000 accipi.
784 930 844 984 Non
861 945 950 995 secus,
971 929 1071 1000 opinor,
1088 947 1120 984 ac
1136 931 1255 986 militaris
1360 981 1363 988 .

91 1019 172 1072 statio
183 1023 238 1072 tam
250 1035 296 1088 pro
307 1017 378 1082 loco,
396 1033 476 1087 quem
491 1033 539 1087 pro
556 1017 642 1070 standi
659 1022 686 1070 et
701 1015 849 1070 ueuhmdi
863 1015 1008 1081 iunctione,
1024 1016 1078 1069 imo
1094 1020 1121 1068 et
1135 1033 1182 1086 pro
1198 1017 1257 1087 lpse

91 1105 202 1158 militari
217 1119 298 1157 manu
314 1101 384 1174 apud
397 1102 504 1156 Lshnos
521 1107 669 1174 usurpatur.
694 1101 784 1156 bidos
794 1102 840 1157 lib.
850 1119 973 1156 xxxvrrn:
991 1101 1160 1155 Pabalotores
1171 1104 1256 1171 ttpnc-

75 1221 78 1228 ·
92 1201 208 1260 torosque
218 1189 329 1243 Romani
338 1193 366 1242 in
378 1207 434 1242 enm
441 1199 555 1260 portent,
567 1192 594 1240 ἐπ
606 1207 656 1257 poa
668 1187 934 1257 colloquiumfisturum
946 1197 1011 1250 erut,
1023 1189 1093 1240 duott'
1102 1195 1168 1251 suut,
1179 1191 1256 1241 tatitta

91 1277 248 1344 idfutaruna
263 1275 370 1327 tribum
386 1277 466 1337 rutis,
483 1277 545 1343 quio
563 1291 625 1326 coss.
639 1263 799 1343 praesidium
816 1282 841 1326 et
856 1277 937 1342 ipsust
954 1291 1002 1343 pro
1018 1276 1126 1326 statem
1141 1273 1258 1326 babituri

92 1371 177 1425 oront
187 1379 260 1414 wem
272 1370 355 1412 tossen
367 1361 476 1413 alterata
488 1363 619 1412 :tatonem
627 1363 737 1429 propius
748 1367 838 1412 coebo
850 1372 885 1412 nc
897 1361 1003 1428 equt'tust
1011 1368 1157 1428 pontensot.
1175 1357 1256 1412 lirant

91 1447 203 1511 milites,
217 1446 261 1516 qui
272 1446 405 1516 aliquanto
418 1461 433 1496 a
446 1445 537 1498 castris
548 1444 684 1498 intervallo
696 1445 729 1498 ad
740 1459 830 1498 eornm
842 1445 950 1497 turbelam
962 1443 1134 1498 excubabant.
1158 1443 1256 1498 Eodem
1282 1457 1303 1494 u·
1312 1443 1357 1484 ³⁵³·

92 1531 172 1586 modo
183 1530 388 1584 Gbrlstimorum
405 1531 530 1584 sutioues
547 1535 601 1582 tam
618 1545 706 1583 saone
716 1530 777 1583 illae
788 1528 880 1582 diebus
891 1529 968 1582 oanis
979 1529 1164 1583 excubationes
1176 1545 1256 1600 quam

91 1618 200 1688 ipsimet
210 1615 327 1670 lidelinm
341 1621 485 1670 conventus
502 1615 633 1686 appellati.
658 1615 764 1668 Tertull.
776 1615 804 1667 iu
814 1615 884 1667 calce
894 1615 940 1669 lib.
952 1614 984 1667 de
996 1614 1079 1669 Orat:
1096 1613 1127 1666 ds*
1136 1620 1213 1668 storto
1224 1619 1256 1669 de

91 1703 204 1756 nitroso·
220 1703 331 1772 exemplo
347 1719 432 1754 somer
451 1705 549 1771 occipit
565 1707 637 1765 (nom
653 1709 678 1752 et
691 1702 784 1752 sns'lt'ts'a
796 1701 839 1752 ἀεὶ
848 1707 950 1766 curuos),
967 1705 1051 1769 utiquc
1067 1701 1138 1752 stalla
1155 1702 1256 1754 laetitio

91 1793 145 1842 ees
158 1791 267 1840 mette
278 1788 409 1840 oboerrs'errs
421 1791 515 1840 ruebit
526 1789 647 1840 stationes
659 1787 763 1840 mittum
774 1787 904 1838 rescindit.
930 1784 1030 1849 Quibus
1047 1783 1132 1838 verbis
1150 1784 1255 1838 demon·

91 1879 171 1938 strat,
183 1889 361 1944 nequaqnam,
373 1871 443 1943 quod
454 1873 533 1943 vulgo
544 1885 699 1942 persuasum
710 1875 777 1936 erat,
789 1871 915 1924 stationes
927 1869 1049 1924 dominici
1060 1871 1174 1941 corporis
1184 1887 1255 1925 corn-

91 1959 218 2014 munioue
236 1958 355 2024 dissolri,
377 1959 500 2028 quoniam
523 1957 645 2028 quicquid
665 1957 693 2010 in
711 1957 804 2010 casuis
821 1956 933 2021 accidat,
953 1956 1008 2009 sire
1028 1971 1182 2027 prosperum
1200 1957 1255 2010 sita

91 2046 180 2110 triste,
198 2043 318 2098 militaris
335 2041 505 2098 nihilominus
521 2044 599 2098 statio
617 2049 771 2114 perseverat.
799 2041 937 2113 Perpetem
948 2042 1030 2112 igitur
1040 2040 1180 2096 Rbebanns
1192 2041 1255 2097 baec

91 2131 250 2200 posteriora,
261 2135 344 2198 utique
355 2131 426 2182 stulto
438 2131 541 2182 laetitio
552 2133 605 2182 stoc
617 2131 724 2182 tristitia
736 2133 794 2193 etc,
810 2129 881 2182 velut
897 2143 1017 2180 canuam
1031 2127 1117 2181 attulit
1127 2145 1173 2182 cur
1184 2127 1256 2182 Ghri·

91 2217 240 2270 atianorum
252 2215 330 2268 static
343 2231 359 2268 a
370 2215 476 2268 militari
487 2231 582 2268 nomeu
593 2215 743 2285 accepisset
761 2213 818 2277 Quo
827 2203 921 2266 'eodem
933 2229 1018 2268 errore
1027 2213 1157 2268 Pamelins
1169 2214 1202 2267 ad
1210 2214 1255 2268 lib.

92 2301 123 2354 ds
135 2299 241 2354 &rona
251 2301 306 2354 Mil.
318 2317 375 2371 cap.
385 2317 422 2354 xx.
435 2301 575 2354 stationem
588 2299 650 2353 dicit
661 2316 707 2370 per
719 2298 899 2370 metaphoram
910 2299 1088 2352 amilitaribus
1100 2300 1255 2354 stationibus

92 2387 227 2457 usurpari,
245 2388 310 2456 quod
320 2388 434 2456 quaudiu
443 2389 472 2437 in
483 2390 590 2438 stottouc
602 2387 693 2438 milites
707 2394 792 2450 eruat,
809 2389 925 2438 leiouure
941 2386 1001 2438 illos
1017 2387 1154 2454 oportebat.
1180 2385 1256 2450 Quod

91 2489 159 2526 sane
173 2471 313 2524 ridiculum
330 2477 377 2524 est
403 2469 493 2540 Neque
503 2487 565 2524 tero
580 2471 671 2524 tandin
686 2469 820 2524 temelicos
835 2487 893 2524 esee
909 2469 1089 2540 praesidiarios
1103 2471 1163 2524 illos
1173 2477 1199 2526 et
1210 2489 1256 2526 ex·

92 2557 226 2612 subitores
238 2559 366 2611 exercitus
377 2557 460 2627 ipsius
472 2561 551 2626 etque
562 2557 725 2626 imperatoris
736 2556 860 2610 interfuit.
887 2555 940 2608 Sed
957 2571 1005 2609 neo
1020 2557 1122 2608 aetatis
1133 2557 1256 2626 tempori·

94 2643 142 2696 bus
160 2643 287 2696 stetimus
304 2643 454 2697 nomiustas
471 2641 599 2706 ridentur,
617 2640 662 2694 sed
679 2641 713 2694 ab
730 2642 789 2710 ipsa
805 2641 955 2704 assistendi,
971 2639 1021 2694 hoc
1036 2645 1077 2692 est
1088 2641 1256 2695 conveniendi

93 2728 324 2798 commutandique
340 2728 486 2792 funefionc,
507 2727 577 2797 quod
596 2726 665 2780 ultre
683 2726 829 2795 legitimum
849 2741 986 2795 synaxeon
1005 2730 1120 2794 tempus,
1137 2723 1257 2779 videlicet

91 2815 263 2878 matutinum,
280 2813 396 2866 ditinum
414 2812 531 2866 officium
548 2811 581 2864 ad
595 2825 691 2864 nonam
703 2827 786 2880 usque
797 2810 979 2881 producerent,
996 2815 1023 2862 et
1038 2809 1211 2863 diuturniores
1227 2811 1256 2863 in

92 2901 219 2954 wdeasia
234 2913 323 2952 moras
339 2904 455 2968 agerent.
481 2897 558 2968 Apud
569 2896 728 2967 cyprianum
739 2895 820 2966 Epist.
828 2913 882 2950 xur.
894 2895 927 2948 ad
939 2895 1086 2948 Cornelium
1097 2909 1192 2966 papam
1203 2902 1256 2948 sta·

91 2987 171 3039 honis
180 3001 277 3039 nomeu
285 2989 341 3038 bam
349 2984 381 3036 de
390 2988 518 3036 contentu
529 2983 596 3052 ipso,
610 2997 688 3051 quem
700 2979 732 3034 de
743 2987 859 3052 tempore
870 2997 901 3034 ac
912 2979 953 3034 die
964 2985 1050 3051 potest
1059 2981 1183 3051 intelligi,
1195 2997 1256 3034 oum

92 3071 123 3124 de
140 3070 282 3125 Notatiani
298 3069 392 3139 legatis
410 3070 438 3122 in
450 3067 564 3120 Atticam
581 3067 670 3120 missis
687 3081 783 3136 agenn
811 3067 862 3128 Qui
873 3083 928 3120 eum
939 3071 967 3118 s'o
977 3071 1098 3133 stelione,
1108 3067 1206 3138 inquit,
1217 3071 1256 3120 ta·

91 3159 198 3210 cidissus
209 3173 303 3226 qnoque
315 3158 436 3208 conviciis
448 3163 471 3206 ct
482 3153 635 3206 cluere-ribus
646 3153 793 3206 turbulentis
800 3163 959 3222 proruerunt
968 3157 1017 3208 stu.

160 3239 337 3304 Quamobrem
355 3241 480 3294 stationes
497 3255 551 3292 non
567 3238 663 3292 ieiunia
679 3239 737 3308 ipsa
754 3245 826 3302 sunt,
846 3237 892 3291 sed
912 3253 971 3292 cum
990 3237 1093 3292 ieiuniis
1111 3238 1255 3294 coniuncta

92 3325 248 3396 Quanquam
260 3325 358 3396 duplex
368 3325 524 3380 ieiuniorum
536 3339 619 3394 genus
632 3323 701 3394 apud
715 3323 836 3394 antiquos
847 3322 904 3376 tuit.
929 3323 996 3377 Nam
1013 3323 1083 3378 aliud
1100 3323 1256 3394 exquisitius

92 3418 154 3477 erat,
167 3411 238 3482 quod
249 3412 366 3482 longius,
378 3409 428 3465 hoo
439 3415 480 3464 est
490 3409 523 3463 ad
532 3425 667 3480 vesperam
679 3423 762 3479 usque
773 3409 969 3479 protegebatur,
982 3407 1020 3462 uti
1032 3409 1256 3480 quadragesimale

92 3497 229 3551 ieiunium.
251 3495 410 3568 Epiphanius
422 3497 491 3550 enim
503 3495 585 3560 inira,
597 3495 688 3550 eodem
699 3495 750 3548 istc
760 3511 881 3560 numero,
893 3509 1008 3564 synaxes
1019 3494 1256 3565 quadragesimales

92 3583 125 3636 ab
134 3581 201 3636 hora
212 3599 283 3636 nona
294 3581 329 3636 ad
337 3597 473 3654 vesperum
484 3597 567 3652 usque
578 3581 703 3634 celebrari
715 3579 801 3644 docet,
817 3585 878 3632 ante
894 3595 960 3650 quas
974 3595 1087 3650 synaxes
1099 3581 1198 3634 ieiunia
1208 3580 1257 3632 mi·

91 3669 161 3722 nime
175 3669 350 3724 solvebantur.
377 3667 454 3721 Aliud
465 3673 520 3720 erat
531 3667 606 3738 paulo
618 3665 754 3720 remissius
768 3681 799 3718 ao
811 3665 926 3730 breuius,
944 3665 1013 3736 quod
1030 3665 1062 3718 ad
1078 3679 1175 3720 nonam
1191 3664 1256 3717 dun·

91 3759 167 3807 taxat
183 3753 374 3823 produceretur,
392 3751 536 3806 cuiusmodi
552 3753 633 3806 leriae
650 3759 756 3822 quartae
768 3755 911 3820 sextaeque
921 3751 1048 3804 ieiunium
1058 3751 1176 3804 extitisse
1187 3749 1256 3802 idem

90 3837 256 3910 Epiphanius
268 3839 372 3891 asserite
385 3839 482 3908 τετράδι
494 3837 521 3890 et
533 3837 573 3890 tul
584 3835 608 3890 ds
621 3833 789 3906 προσαββόπῳ
800 3833 825 3887 ἐν
837 3836 934 3906 νηστείᾳ
946 3835 990 3896 ἕως
1003 3835 1068 3906 ὧρας
1081 3833 1172 3901 tttrqe
1190 3835 1257 3888 lllno

91 3931 131 3977 est
142 3923 228 3996 quod,
245 3929 275 3976 ut
289 3939 322 3976 ex
334 3923 493 3977 Tertulliano
505 3923 675 3992 conspicuum
687 3927 735 3985 est,
747 3921 871 3975 stationes
882 3937 936 3974 non
947 3921 1015 3973 ultra
1027 3935 1124 3974 nonam
1134 3918 1257 3972 extende·

90 4018 189 4064 rentur.
208 4008 265 4072 Quo
275 4009 380 4062 nomine
389 4025 405 4061 a
413 4007 559 4073 catholicis,
572 4023 638 4078 qnos
647 4006 784 4078 psychicos
792 4007 912 4077 appellat,
921 4006 1098 4082 hlontauistae
1107 4003 1257 4074 reprehensi

90 4099 166 4160 sunt,
178 4111 226 4166 pro
239 4109 270 4146 eo
284 4093 352 4163 quod
364 4095 490 4147 stationes
502 4109 563 4146 suas
576 4093 609 4145 ad
620 4107 756 4162 vesperam
766 4091 918 4162 proterrent
943 4091 1095 4144 ucoolhmi
1105 4089 1185 4144 rerba
1196 4095 1257 4143 sunt

88 4180 135 4236 lib.
149 4180 182 4233 de
192 4179 301 4234 Ieiuniis
313 4185 402 4232 contra
412 4177 520 4249 Psyche
533 4179 619 4247 Aeque
627 4181 748 4230 natones
757 4185 870 4241 nothos,
882 4178 1051 4244 utiuds'puos,
1063 4177 1186 4245 quosdam
1197 4193 1256 4228 cero

89 4275 117 4318 st
126 4271 154 4318 s'n
165 4268 411 4318 communetotum
423 4268 542 4316 acuitatis
555 4267 650 4316 nomios
661 4266 791 4325 trecusout,
809 4261 856 4315 boc
870 4279 962 4332 quoque
974 4279 1061 4322 meque
1071 4270 1096 4313 at
1107 4279 1137 4313 eu
1148 4262 1256 4314 arbusto

88 4351 231 4404 obesuclm
242 4367 294 4402 racc
307 4353 428 4414 diceutes,
441 4359 465 4403 et
475 4367 524 4401 nou
534 4351 604 4401 ultro
616 4365 706 4400 nouom
719 4349 888 4412 detinendum,
901 4349 931 4399 de
942 4365 987 4399 auo
997 4348 1098 4417 eqs'ls'cet
1108 4363 1183 4402 rnen.
1204 4345 1256 4400 lbi-

88 4437 153 4490 dam
168 4440 317 4507 praetcrea:
337 4437 459 4504 Arpuunt
474 4453 519 4486 ttcs
534 4436 600 4502 quod
615 4435 713 4485 iet'ttrts'o
729 4437 839 4502 proprio
857 4435 1038 4496 custodiuntur,
1056 4433 1122 4501 quod
1135 4435 1257 4484 natones

82 4523 237 4594 pleramque
247 4525 277 4574 s'a
287 4537 418 4591 cesperum
425 4521 605 4590 producamus.
632 4518 689 4582 Quo
700 4519 729 4572 ln
740 4519 797 4571 loco
809 4533 863 4571 non
874 4517 964 4571 leviter
974 4515 1146 4572 hallucinatus
1158 4523 1198 4570 ast
1208 4515 1257 4570 Ρι-

86 4607 200 4673 melius,
219 4606 285 4662 dum
300 4605 489 4662 Tertullianum
508 4619 555 4678 par
574 4603 733 4662 calunniam
751 4602 816 4658 baec
834 4603 863 4657 in
882 4601 1042 4660 orthodoxos
1057 4604 1141 4659 iaosra
1158 4601 1257 4668 scribit,
