3138 5044
244 357 249 366 .
323 310 406 368 xcvi

322 471 425 520 noemae
442 483 510 531 xrs..
533 482 639 521 necnee
660 471 701 520 est
716 471 746 520 ut
761 482 847 522 annus
863 467 979 522 Iulianus
997 483 1143 524 ccuxxxrn.
1160 469 1196 524 eit
1211 485 1288 525 aeres
1304 468 1481 542 Dionysiana

321 567 482 617 ocxrxvrrrn
498 569 551 622 qno
567 553 646 606 edam
661 552 821 624 Olympiadis
838 567 926 608 ooorv.
939 570 1009 608 suno
1024 555 1108 624 primo
1123 555 1257 610 desinente
1273 556 1416 622 secundus,
1431 555 1481 610 hoc

321 643 361 690 est
371 635 450 707 Iphiti
461 655 535 692 uxrv.
559 637 717 708 Siquidem,
732 644 762 690 ut
779 643 805 690 et
815 639 929 693 nonnos
946 641 1123 706 consentiunt,
1138 641 1239 695 Iuliano
1251 659 1326 696 xurrr.
1337 643 1424 712 coepit
1435 658 1481 715 au·
1562 685 1563 688 ι

320 738 370 775 uus
381 740 410 776 n.
425 721 528 794 Olymp.
542 738 643 788 osuiu,
656 723 710 776 eivs
721 722 799 793 Iphiti
811 723 868 777 774.
891 725 970 794 Atqui
981 723 1022 778 hic
1033 726 1090 796 lpse
1101 726 1216 780 lullauus
1227 743 1312 780 sunus
1321 726 1392 792 283„
1404 727 1480 798 Iphiti

323 807 409 873 1014„
420 809 597 863 memorabilis
608 813 649 861 est
659 808 702 862 ille
715 807 850 862 Censorini
862 825 959 875 annus,
975 826 1052 880 quem
1061 811 1138 882 Ulpio
1147 817 1174 864 et
1181 811 1307 866 Pontiano
1320 828 1388 866 coss.
1399 817 1480 876 notat,
1562 857 1563 878 ,

320 891 397 946 Urbis
409 893 534 948 Oouditse
546 893 616 958 991„
628 895 674 964 qui
685 910 744 947 cum
755 910 830 948 seres
842 893 1017 964 Dionysiam
1029 897 1062 950 sit
1074 895 1144 962 238„
1161 897 1291 950 bisextilis
1302 915 1357 951 uon
1369 903 1422 962 est,
1434 897 1479 950 sed

320 978 449 1034 sbisexto
462 979 599 1032 secundus.
622 979 706 1049 Igitur
717 985 743 1032 et
755 979 947 1034 ducentesimus
959 981 1134 1050 octogesimus
1145 984 1237 1036 tertius
1251 987 1312 1036 aute
1327 985 1415 1048 illum,
1430 982 1480 1035 hoo

320 1069 361 1118 est
370 1065 471 1134 pslmus
481 1064 610 1129 Iulisuus,
627 1065 755 1118 bisextilis
768 1065 831 1130 iub,
848 1071 874 1118 et
885 1064 956 1130 tiu,
974 1067 1030 1120 sire
1040 1067 1155 1120 Iulianus
1167 1067 1221 1132 Ad,
1238 1065 1315 1138 Iphiti
1326 1068 1398 1134 trs„
1413 1069 1480 1122 Len·
1562 1123 1563 1150 p

319 1149 375 1202 tulo
387 1155 414 1203 et
424 1150 574 1204 Mucellino
587 1165 669 1214 coss,
684 1167 737 1203 nou
750 1151 889 1214 bisextilis,
905 1151 1001 1204 sedab
1017 1169 1047 1206 eo
1058 1153 1187 1206 secundus
1200 1159 1247 1206 est
1271 1152 1342 1216 Quae
1353 1155 1443 1208 omnis
1452 1153 1479 1207 id
1562 1165 1563 1174 ¹

319 1234 475 1304 quodmodo
484 1235 646 1306 propositum
655 1240 696 1288 est
706 1236 849 1288 certissIme
861 1235 1047 1302 demonstrant,
1058 1253 1155 1292 annum
1168 1237 1297 1292 Iulisuum
1307 1239 1422 1309 primum
1433 1255 1479 1309 per

319 1335 468 1390 regressum
479 1321 507 1374 ln
518 1321 649 1374 anteriora
659 1337 761 1390 usuque
773 1327 861 1374 nostro
874 1321 1021 1376 bisextilem
1033 1339 1102 1388 esse,
1114 1329 1144 1376 ut
1154 1329 1181 1378 et
1190 1323 1287 1376 Psulus
1295 1323 1478 1394 Forosempro·

318 1403 418 1460 niensis
430 1405 525 1460 docuit.
548 1405 596 1458 list
611 1411 699 1460 autem
714 1406 742 1459 iu
758 1406 946 1460 constituendis
962 1407 1126 1462 bisextilibus
1143 1405 1278 1462 habendus
1293 1425 1347 1465 uon
1359 1409 1477 1463 editionis

318 1489 448 1557 Iulianae,
459 1490 505 1546 ssd
513 1490 680 1562 Auguelseae
692 1507 723 1544 ac
735 1497 839 1544 nostres
850 1493 930 1557 ratio;
942 1491 968 1546 ld
977 1493 1047 1563 quod
1056 1494 1194 1548 annelihus
1202 1495 1358 1568 imposuisse
1369 1495 1477 1548 ridetur.

318 1576 350 1631 In
360 1577 455 1648 quibus
467 1593 526 1630 eum
537 1593 571 1630 ex
579 1575 638 1630 lolii
648 1576 765 1630 Gesseris
776 1577 938 1630 institutione
949 1577 1097 1632 bisextilem
1108 1595 1168 1632 eum
1179 1595 1237 1632 esse
1249 1585 1422 1633 monstrasset
1433 1596 1477 1632 an·

318 1677 397 1728 num,
414 1679 466 1734 quo
482 1662 607 1717 Lentulus
625 1667 651 1714 et
667 1662 832 1715 hdareelliuus
850 1678 918 1716 coss.
935 1661 1051 1728 luerunt,
1069 1664 1213 1718 conlectam
1229 1665 1279 1718 eibi
1294 1681 1351 1718 rem
1368 1667 1477 1734 poterit,

318 1746 698 1819 quasieaudemquamslulio
708 1746 818 1800 anssre
827 1747 987 1818 propositam
995 1747 1278 1804 affirmethisextilium
1287 1751 1380 1803 seriem
1390 1751 1476 1820 Augu·

318 1841 374 1888 stus
385 1835 543 1889 retinuisset.
567 1831 672 1902 Exque
688 1839 714 1886 et
728 1832 793 1886 illud
807 1833 936 1896 mensuit,
952 1837 982 1886 ut
992 1837 1022 1902 τῇ
1034 1832 1144 1886 ὑποθέσει
1157 1833 1283 1886 δουλεύων,
1291 1851 1390 1888 sunum
1401 1835 1476 1888 lulis-

317 1935 382 1974 num
393 1937 429 1976 ur.
441 1920 588 1990 legitImum
599 1935 634 1971 ex
645 1918 758 1986 Augusti
768 1918 927 1972 correctione
939 1917 1071 1972 bisextum
1082 1917 1205 1973 hsbuisee
1216 1920 1319 1973 diceret
1342 1919 1410 1972 Num
1422 1922 1475 1974 slve

317 2006 351 2059 sb
363 2021 393 2059 so
405 2005 439 2058 ad
449 2021 525 2058 xuur.
535 2019 666 2067 recurras,
678 2003 732 2056 sive
744 2003 855 2072 aprime
866 2003 968 2056 iuliano
980 2011 1012 2056 ao
1025 2003 1135 2058 cundem
1146 2022 1221 2060 xuru.
1235 2003 1388 2070 descendas,
1400 2006 1427 2058 iu
1440 2006 1475 2058 hi·

317 2091 439 2144 sextilem
449 2089 556 2144 meidss.
579 2087 632 2142 Sed
647 2087 743 2141 laisum
761 2093 801 2142 eet
817 2103 915 2142 sunum
926 2086 1055 2142 luIIauum
1070 2105 1104 2142 ex
1116 2089 1229 2159 Augusti
1244 2089 1427 2144 reformatione
1439 2091 1476 2144 bi-

317 2175 439 2230 sextilem
459 2175 553 2228 luisse:
576 2173 729 2244 praesertIm
750 2173 772 2226 si
788 2172 912 2226 vitiosum
934 2173 1067 2228 bisextum
1089 2173 1271 2228 duodecimum
1288 2191 1358 2229 anuo
1375 2173 1475 2228 Iuliano

317 2277 421 2325 xum,
433 2259 503 2330 quod
514 2259 627 2313 Annales
638 2259 750 2322 iaciunt,
761 2258 939 2322 tribuerImus,
957 2259 1020 2312 sdeo
1032 2265 1062 2312 ut
1073 2259 1208 2329 Augustus
1219 2275 1288 2312 suno
1300 2277 1413 2316 xxxvm
1424 2265 1475 2312 sta·

317 2345 397 2399 tuerit
406 2344 543 2398 duodecim
553 2343 612 2397 illos
627 2343 683 2397 sine
695 2343 798 2396 bisexto
813 2343 996 2413 transigendos
1012 2360 1077 2397 esee.
1106 2343 1140 2398 Ut
1155 2345 1224 2398 euim
1240 2345 1273 2398 ab
1290 2359 1360 2399 amno
1376 2345 1474 2398 Iuliano

317 2447 418 2488 xxxvrr.
430 2430 530 2501 primus
545 2445 580 2482 ex
597 2427 722 2482 duodenis
739 2429 790 2481 illle
808 2424 951 2498 ἂνεμβόλοις
968 2429 1093 2499 coeperit,
1110 2429 1277 2484 duodecimus
1294 2431 1344 2482 erit
1358 2429 1473 2484 intimus
1562 2465 1563 2470 κ

216 2535 238 2575 p.
247 2523 290 2568 ros
315 2533 421 2583 surm„
439 2532 490 2586 quo
508 2521 600 2569 exacto
617 2515 807 2584 peremptisque
821 2513 931 2566 bisextis
943 2512 1080 2584 superfluis
1091 2515 1173 2567 tribus
1185 2530 1270 2568 annus
1281 2515 1309 2568 in
1319 2515 1392 2568 viam
1402 2516 1473 2568 redu·

316 2607 374 2659 ctus
385 2608 433 2658 eet.
455 2601 530 2655 Esne
540 2617 614 2666 sero,
628 2605 657 2652 ut
667 2599 755 2653 ordine
767 2615 798 2651 ac
809 2599 910 2652 ratione
921 2598 1042 2670 deinceps
1053 2600 1195 2663 iusisteret‚
1208 2605 1299 2668 quarto
1311 2607 1372 2670 post
1383 2617 1472 2656 xsunr.
1562 2593 1563 2596 '

315 2705 385 2744 anne
397 2688 527 2742 bisextilis
537 2701 621 2740 annus
633 2684 796 2742 collocandus
807 2683 870 2748 luit,
885 2684 986 2738 lulieno
997 2683 1098 2738 sufficet
1110 2703 1169 2745 uu..
1186 2689 1216 2738 ut
1230 2701 1264 2738 ex
1274 2684 1355 2738 Paulo
1367 2685 1472 2740 hliddel-
1562 2731 1563 2752 ,

315 2773 392 2845 burg.
404 2773 522 2844 superius
539 2770 708 2826 ostendimus.
731 2771 766 2824 At
776 2785 837 2824 vero
855 2769 877 2822 si
889 2787 924 2822 ur.
937 2785 1035 2822 sunum
1052 2769 1201 2822 bisextilem
1212 2770 1347 2839 Angustus
1359 2787 1419 2824 esse
1431 2785 1472 2822 vo·
1562 2759 1563 2778 ¹

315 2859 377 2924 luit,
395 2860 424 2914 in
438 2858 508 2913 idem
523 2858 616 2912 vitium
631 2856 741 2910 incurrit
755 2855 824 2926 quod
839 2854 954 2908 Iulianae
970 2851 1089 2908 editionis
1104 2855 1179 2908 initio
1197 2855 1365 2908 commissum
1381 2855 1472 2918 lueret,
1562 2853 1563 2926 Ῠ

315 2960 410 3014 nempe
425 2949 456 2998 ut
469 2943 546 2998 ustio
561 2948 622 3014 post
632 2942 779 2996 bisextilem
791 2956 860 2994 anuo
871 2939 1000 2994 bisextilis
1013 2939 1087 2992 aliter
1097 2945 1244 3010 poneretur.
1266 2939 1384 3010 Demque
1396 2956 1471 2994 nemo
1562 2983 1563 3024 ἰ

314 3027 441 3082 hactenns
457 3029 577 3082 inuentus
593 3032 633 3081 est
649 3027 695 3098 qni
709 3026 839 3080 Iulisunm
850 3043 885 3080 ur.
902 3031 963 3097 post
973 3025 1086 3097 Augusti
1101 3025 1310 3080 emendationem
1325 3025 1471 3078 bisextilem

314 3113 418 3170 iacent.
1562 3155 1563 3164 ,

383 3199 486 3252 Ateulm
498 3197 694 3252 ducentesimus
706 3197 886 3268 sexageslmus
896 3201 1002 3267 quartus
1014 3201 1075 3266 poet
1084 3197 1158 3250 illum
1166 3195 1295 3250 bisextilis
1306 3201 1361 3262 est,
1372 3201 1419 3248 ant
1428 3195 1471 3248 do·

315 3285 426 3338 cendum
436 3284 464 3336 iu
474 3283 638 3337 recensendis
650 3299 716 3336 cose.
727 3283 820 3338 utum
830 3283 973 3354 irrepsisse.
995 3282 1065 3336 Haec
1080 3282 1151 3334 enim
1162 3281 1301 3334 Annalium
1311 3281 1392 3334 rerba
1402 3287 1470 3336 suut
1562 3277 1563 3352 l

316 3369 368 3424 Sed
380 3375 407 3423 et
417 3369 482 3422 illud
492 3385 545 3422 non
556 3369 644 3422 miuus
659 3367 769 3434 laisum,
784 3385 882 3422 aunum
897 3383 973 3422 serso
985 3366 1145 3422 Christieuee
1156 3365 1214 3423 364.
1226 3370 1286 3436 post
1295 3365 1436 3420 Lentulum
1447 3373 1472 3418 et
1562 3373 1563 3386 ¹

314 3455 496 3508 hlarcellmum
511 3470 577 3508 coes.
588 3469 645 3508 esse
656 3454 865 3508 trecentesimum
880 3453 1076 3523 sexagesimum
1092 3456 1227 3522 quartum,
1243 3467 1303 3504 cum
1313 3467 1373 3505 rese
1389 3453 1424 3504 sit
1439 3451 1471 3504 ab

315 3540 419 3594 illorum
437 3540 574 3594 eonsulstu
590 3537 649 3594 366.
685 3538 825 3594 Sciendum
841 3540 912 3592 enim
928 3544 969 3592 eet
984 3539 1035 3592 duo
1051 3538 1079 3590 iu
1091 3537 1234 3590 Annalibus
1245 3537 1320 3606 paris
1334 3537 1471 3592 consulum
1562 3567 1563 3606 ι

315 3631 451 3696 exempta,
463 3625 558 3696 quibus
570 3641 604 3678 ex
613 3623 701 3678 ordine
710 3624 831 3690 sublatis,
844 3611 1072 3687 Christianam,
1084 3637 1150 3693 quae
1160 3622 1264 3676 biennio
1272 3620 1398 3676 hacteuus
1407 3621 1472 3676 anti·
1562 3611 1563 3672 ξ

315 3712 401 3783 cipata
411 3710 507 3775 lueret,
518 3727 578 3764 oum
586 3710 689 3780 rulgsri
696 3709 799 3764 demum
811 3711 839 3763 in
850 3708 1015 3764 concordiam
1025 3707 1114 3772 rediit;
1126 3707 1196 3778 quod
1206 3706 1275 3760 idem
1285 3707 1314 3760 in
1323 3705 1471 3760 Ouuffiunis
1562 3741 1563 3754 i

313 3796 412 3862 Fastis,
424 3797 481 3867 pari
492 3812 558 3850 coss.
570 3811 622 3849 uno
633 3811 786 3866 suppresso,
798 3795 919 3865 contigit,
931 3795 963 3848 de
975 3809 1063 3864 qnsre
1075 3793 1244 3864 opportunius
1256 3792 1318 3846 slibi
1330 3791 1439 3850 dicetur.

382 3883 437 3936 lam
447 3888 523 3946 rere,
541 3882 611 3952 quod
624 3897 685 3934 sere
694 3881 740 3934 illu
751 3881 910 3946 communis,
924 3895 1001 3950 quam
1014 3895 1030 3932 s
1041 3877 1136 3932 Christi
1147 3878 1228 3932 netuli
1237 3877 1394 3948 repetimus,
1410 3893 1471 3931 enu·
1562 3949 1563 3952 Ἴ

314 3966 373 4021 dem
383 3967 498 4022 natalem
508 3967 536 4020 iu
546 3966 627 4020 linem
637 3965 730 4020 Iuliani
738 3983 798 4020 xuv.
810 3965 944 4030 couiiciet,
955 3981 987 4018 ex
1000 3964 1137 4034 <inpensis
1147 3961 1273 4016 hacteuus
1283 3963 1322 4016 im
1333 3962 1471 4032 colligitur.
1562 3959 1563 3988 ³

313 4053 448 4122 Augustus
459 4054 600 4124 imperator
611 4051 725 4105 excessit
735 4067 803 4104 anuo
814 4051 913 4105 Iuliano
925 4069 978 4104 mx.
1002 4049 1152 4102 dstantem
1167 4050 1189 4102 ls
1206 4063 1281 4102 aerae
1295 4047 1472 4117 Dionysisnas
1562 4079 1563 4086 ο

314 4151 380 4201 suu,
395 4143 426 4190 ut
440 4144 500 4192 sute
512 4137 718 4191 demonstratum
729 4141 776 4189 est.
798 4136 881 4205 Igitur
892 4151 966 4189 serae
976 4134 1054 4188 holus
1065 4135 1169 4188 initium
1180 4149 1213 4186 ex
1224 4149 1249 4186 s.
1261 4133 1286 4186 d
1297 4131 1354 4186 Kal.
1365 4133 1421 4188 lau.
1434 4134 1472 4186 iu·

314 4219 377 4290 cipit
387 4224 449 4276 anni
459 4223 552 4276 Iulieni
563 4239 647 4286 xnus,
663 4220 779 4290 adeoque
794 4221 889 4274 natalis
906 4219 1001 4274 Christi
1016 4219 1192 4289 Dionysianus
1208 4233 1267 4272 oum
1285 4234 1353 4272 auno
1370 4217 1472 4272 lulieno

313 4320 374 4358 xxv.
391 4313 503 4360 exeunte
520 4308 648 4378 congmit.
682 4305 830 4370 Quiustiam
846 4307 976 4375 cyclorum
995 4306 1148 4376 pervulgata
1161 4309 1317 4374 receptaque
1333 4301 1472 4358 methodus

312 4389 356 4444 sel
366 4391 453 4460 pueris
465 4393 569 4462 cognita
577 4391 658 4448 hulus
669 4392 707 4446 rei
717 4390 796 4444 fidem
813 4391 846 4444 sb
861 4392 949 4446 insitis
966 4396 1111 4462 extorquet
1133 4389 1201 4444 Nam
1217 4389 1241 4442 si
1256 4388 1306 4442 hoc
1320 4403 1403 4454 suno,
1420 4405 1471 4460 quo

313 4473 379 4530 heco
394 4474 546 4542 essibImus,
563 4478 609 4548 qui
625 4482 665 4532 est
682 4493 756 4532 aerae
773 4476 948 4546 Dionysisuse
965 4491 1091 4542 soom„
1110 4475 1200 4546 cyclus
1216 4473 1295 4544 vulgo
1313 4481 1471 4539 nommetur.

314 4560 377 4616 solis
389 4577 438 4625 vu,
452 4559 530 4615 lunee
541 4577 601 4630 vu,
616 4561 704 4618 ludios.
718 4579 767 4628 su,
781 4577 888 4618 nessus
899 4567 939 4618 est
954 4567 984 4615 ut
1000 4577 1083 4616 mnus
1094 4577 1171 4615 aerse
1181 4560 1281 4631 primns
1292 4560 1380 4630 cyclos
1391 4559 1472 4616 habu·
