3138 5044
1191 339 1279 398 xcix

108 493 343 565 parabaptismata,
357 502 422 564 ραια
435 491 592 558 Fabrateria,
609 497 722 564 coeperit
737 511 830 547 οιιοιιοι
841 511 931 548 mvr.
954 493 1081 548 locavero
1098 493 1183 550 Lucae
1200 496 1281 551 verba
1305 513 1327 554 o·
1336 503 1380 546 1⁰⁹·

111 579 220 649 perinde
232 579 327 651 accipit
338 595 368 632 ac
380 579 403 632 si
415 584 484 632 asaei
495 579 632 650 scriplum:
645 578 686 631 acl
698 577 772 641 οὗτος
785 577 799 631 d
812 577 906 645 Ἰησοῦς
918 577 1010 651 ἤρχετο
1022 580 1056 632 ὢν
1068 578 1129 632 ἐτῶν
1141 579 1279 652 τριάκοντα,

111 664 177 734 iric,
190 663 224 726 ὡς
236 663 368 736 ίνομίζετο.
385 663 437 718 Sed
445 663 510 718 haec
519 665 757 736 Scaligeriaualoci
768 665 838 718 illius
850 666 993 736 expositio,
1006 665 1102 720 nthinc
1112 668 1278 737 potissimum

111 751 243 816 exordiar,
256 751 370 805 absurda
381 755 422 804 est
433 756 459 804 et
470 751 589 806 barbara.
614 750 678 814 Quia
689 751 759 804 enim
770 751 808 804 ita
820 750 917 804 Graece
929 752 1079 822 loquentem
1090 753 1167 806 ierat:
1184 751 1279 819 Ἰησοῦς

110 830 141 902 ἦν
154 837 191 888 ὢν
203 833 353 908 ἀρχόμενος,
370 852 418 906 pro
435 851 466 890 eo
479 835 548 906 quod
564 841 615 889 sat:
633 834 725 906 ἤρχετο
741 835 784 888 ὧν.
813 836 895 890 Satin*
907 837 1045 890 ridiculum
1058 853 1088 891 ac
1099 837 1219 908 putidum
1231 845 1279 903 eat,

111 919 164 992 ἐγώ
177 919 224 992 είμι
236 922 270 972 ὢν
283 919 431 993 ἀρχόμενος,
444 937 491 992 pro
504 919 555 991 ἐγὼ
564 917 682 992 ἄρχομαι.
701 920 781 992 Atqui
790 919 855 975 bano
864 921 950 993 ipsam
959 923 1198 994 interpretationem
1208 930 1279 978 ante·

110 1007 188 1077 ponit
199 1007 287 1072 altori,
303 1023 369 1077 quae
385 1007 472 1060 minus
483 1006 563 1060 habet
573 1006 755 1072 absurditatis,
771 1007 876 1061 tametsi
887 1025 921 1062 ne
932 1025 964 1062 ea
976 1009 1080 1079 quidem
1091 1011 1189 1080 placet;
1206 1010 1280 1080 quasi

110 1091 198 1146 Lucas
208 1093 237 1148 id
245 1093 369 1157 voluerit,
380 1091 471 1162 ἤρχετο
483 1093 518 1143 ὢν
530 1089 660 1163 τριόοιοντα
671 1090 741 1160 ἑτῶν,
754 1093 788 1144 ὢν
800 1090 834 1154 ὡς
846 1091 977 1164 ἐνομίζετο.
996 1093 1080 1158 Quare
1092 1097 1175 1148 multo
1187 1101 1227 1149 est
1236 1095 1280 1148 ille

111 1193 208 1232 aeneus
220 1179 313 1249 aptior,
325 1183 355 1231 nt
367 1176 401 1228 ὢν
413 1178 446 1230 ad
454 1179 600 1248 posteriora
608 1177 742 1243 reseratur,
755 1177 892 1250 ἀρχόμενος
901 1179 934 1232 ad
943 1181 1083 1250 superiora
1101 1173 1151 1232 Ἦν
1162 1177 1175 1232 ὃ
1185 1178 1280 1246 Ἰησοῦς

110 1263 250 1334 ἀρχόμενος
260 1259 314 1324 besl
325 1261 387 1314 ότῶν
398 1261 427 1333 λ,
440 1263 474 1314 ὢν
484 1261 517 1323 ὡς
527 1260 663 1334 ἐνομίζετο,
676 1261 726 1324 icis
735 1269 784 1316 eto.
801 1263 961 1334 Epiphanius
971 1271 1039 1319 certe
1048 1264 1149 1320 haeresi
1158 1283 1279 1332 marin,
1333 1300 1337 1306 ·

111 1365 186 1402 nunu
196 1367 243 1404 vn.
257 1349 291 1399 us
301 1347 334 1401 ad
343 1347 407 1418 όιὶνς,
419 1365 473 1402 non
482 1349 515 1401 ad
525 1345 660 1420 ἀρχόμενος
669 1350 798 1420 pertinere
806 1349 906 1415 docuit,
919 1367 976 1404 com
988 1351 1026 1404 ita
1036 1352 1124 1405 locum
1136 1351 1210 1404 illum
1220 1369 1280 1422 pro·

16 1451 18 1466 ³
111 1435 185 1487 tulit:
198 1431 236 1486 ότι
248 1433 282 1484 ὢν
295 1432 358 1503 iric,
371 1431 404 1494 ὡς
416 1431 540 1504 ἐνομίζετο
552 1431 652 1504 Ἰωσήφ.
681 1433 829 1498 Quinetiam
840 1433 941 1489 haeresi
953 1453 1027 1502 xxm,
1041 1453 1114 1492 num.
1127 1455 1200 1492 xxm.
1212 1431 1242 1502 ἦν
1254 1437 1281 1488 δὲ

113 1517 211 1586 Ἰησοῦς
223 1515 360 1591 ἀρχόμενος
372 1513 437 1572 εἶναι
462 1519 514 1572 Sed
531 1521 722 1574 coutroversiae
735 1521 947 1591 quaestionisque
959 1523 1076 1592 caputio
1088 1519 1142 1582 ὡςεί
1153 1523 1282 1593 particula
1365 1557 1370 1566 ·

111 1607 230 1676 positum
242 1611 294 1670 est,
307 1605 376 1677 quod
388 1604 569 1675 utplurimum
581 1601 728 1676 dnopqrrabv
745 1622 804 1659 esse
820 1606 886 1660 solet
902 1612 929 1660 et
939 1606 971 1658 dc
982 1607 1096 1677 perlecto
1109 1608 1281 1678 absolutoque

113 1692 225 1744 reiatatu
238 1689 356 1747 nonnihil
368 1689 488 1747 detrahit.
506 1692 561 1745 Hoc
570 1707 632 1744 vero
642 1691 700 1744 loco
708 1707 762 1746 non
771 1689 927 1761 τἰτιορητοίον,
940 1691 986 1746 aed
997 1689 1119 1762 ἀληθινόν,
1132 1709 1162 1745 ao
1174 1709 1281 1764 prorsus

112 1776 303 1830 affirmativum
315 1793 372 1830 esse
384 1776 502 1848 Scaliger
514 1782 611 1830 etcum
624 1793 655 1830 ao
666 1777 782 1847 plerique
794 1778 917 1832 sentiunt.
941 1777 991 1840 Qui
1006 1776 1071 1831 mibi
1084 1779 1136 1830 vim
1151 1794 1280 1849 usumque

111 1862 222 1916 voculae
233 1863 310 1916 istim
321 1879 375 1916 non
387 1862 451 1916 satia
463 1862 677 1916 aninradvortiase
687 1863 815 1917 videntur.
839 1861 892 1916 Nos
904 1863 1033 1933 triplicem
1044 1863 1114 1916 illius
1125 1869 1281 1934 potestatem

113 1948 184 2018 apud
193 1947 307 2002 Graecos
319 1947 523 2003 observavimus.
542 1947 630 2000 Prima
639 1953 690 2012 eat,
703 1963 762 2001 cnm
775 1945 957 2016 ίνδοταοτινιῶς,
969 1949 1010 2001 vel
1022 1947 1188 2018 ότορητιιῶς,
1201 1949 1281 2002 sumi·

112 2041 164 2100 tur,
176 2039 207 2087 ul
215 2034 284 2104 apud
293 2033 392 2088 Lucam
404 2049 459 2104 cup.
468 2050 525 2086 xxti
531 2071 538 2096 ,
550 2033 604 2086 tin
618 2031 658 2084 aul
668 2031 741 2094 οὗτος
752 2029 894 2100 ἀπεσπάσθη
904 2030 946 2085 ἀπ’
957 2032 1038 2086 αὐτῶν
1048 2029 1102 2094 rigel
1110 2032 1180 2086 λίθον
1190 2034 1279 2105 βολήν,

113 2125 141 2173 at
151 2133 210 2190 cap.
219 2138 242 2185 r,
258 2119 303 2172 562
324 2116 400 2190 ipsave
416 2117 443 2172 di
455 2115 557 2189 Μαριὰμ
568 2119 612 2170 οὖν
625 2117 686 2189 αὐτῇ
699 2115 753 2179 :beel
766 2121 841 2188 μῆνας
854 2121 924 2190 τρεῖς.
949 2118 1069 2173 Secunda
1079 2119 1119 2172 via
1131 2125 1171 2172 est
1181 2137 1280 2191 συγκρι-

113 2204 183 2275 τικὴ,
199 2205 255 2259 aive
266 2205 451 2277 comparativa.
474 2203 514 2258 Ita
525 2203 586 2260 Luc.
599 2223 642 2259 m:
660 2203 701 2256 aul
718 2203 852 2272 καταβῆναι
870 2203 898 2256 rb
915 2208 1010 2275 πνεῦμα
1022 2203 1049 2256 τὸ
1063 2203 1132 2275 ἅγιον
1145 2210 1280 2277 σωματικῷ

113 2290 171 2344 sidat
182 2288 238 2352 ὦςεί
249 2289 398 2361 περιστερόν.
426 2289 581 2361 Quanquam
597 2289 660 2344 baec
675 2290 804 2362 posterior
818 2291 890 2344 notio
908 2290 941 2342 ad
957 2291 1071 2361 priorem
1087 2297 1174 2361 potest
1185 2291 1281 2346 reierri.

113 2376 193 2442 Quod
202 2377 272 2430 enim
285 2375 359 2430 alleri
370 2375 455 2432 simile
463 2374 563 2440 dicitur,
575 2393 629 2429 non
640 2376 709 2429 idem
721 2381 761 2430 est
772 2377 888 2430 omnino.
906 2375 993 2429 Tertio
1003 2375 1107 2430 demum
1118 2375 1281 2448 οιίτιολοχινίον

114 2469 156 2516 cat
167 2460 235 2532 ὼςεί,
247 2463 302 2516 aive
313 2461 484 2515 sanativum.
508 2460 575 2514 Nam
587 2462 610 2514 si
621 2461 680 2532 quis
692 2461 829 2532 diligenter
840 2460 990 2526 attenderit,
1001 2462 1116 2516 inveniet
1126 2464 1281 2532 particulam

113 2545 149 2610 ὥς
157 2548 201 2602 vel
209 2544 277 2617 όνςιὶ,
289 2547 341 2601 nisi
352 2546 480 2602 ambobus
489 2545 541 2599 illis
550 2545 634 2600 modia
644 2552 791 2617 usurpetur,
804 2563 925 2602 caussam
934 2547 1077 2614 continere,
1088 2553 1281 2618 propterquam

113 2634 140 2687 id
153 2634 224 2705 quod
236 2639 356 2688 narmtvu
367 2631 496 2688 acciderit
519 2631 564 2686 Sic
576 2633 644 2703 apud
655 2632 797 2686 Homerum
808 2629 910 2686 Ὀδνοο.
924 2633 949 2702 ξ,
961 2631 1019 2687 253.

422 2715 559 2788 'Euliepsv
571 2717 648 2787 Βορέῃ
661 2713 743 2787 ἀνόμῳ
756 2715 852 2788 ἇιιραόί,
865 2717 949 2787 καλῷ,

422 2801 547 2872 Ῥηϊδίως,
560 2800 615 2863 test
626 2819 651 2854 τε
663 2801 725 2854 κατὰ
738 2801 803 2872 ῥόον.

114 2891 167 2946 Gur
184 2889 264 2944 facile
280 2889 429 2961 navigaret,
447 2903 568 2942 massam
583 2887 699 2942 eontinet
713 2903 766 2940 vox
782 2885 851 2956 ὦςιί,
866 2887 985 2940 videlicet
1001 2887 1071 2958 qnod
1086 2887 1200 2943 secundo
1216 2890 1281 2944 mari

112 2977 234 3040 iarretm,
249 2973 283 3037 ὡς
295 2973 319 3028 iv
331 2975 402 3028 idun
413 2973 481 3027 airu
493 2973 584 3044 ῥέοντι,
602 2972 642 3024 aul
655 2970 684 3024 od
696 2976 780 3042 στατῷ
793 2969 847 3024 κατ’
861 2969 962 3038 ἰσότητα
973 2969 1123 3044 ἐπιφανείας,
1142 2976 1179 3028 ait
1189 2975 1281 3056 Eusta-

115 3061 195 3116 tbius.
222 3061 347 3116 Similiter
363 3061 390 3114 in
405 3061 450 3114 illo
466 3060 572 3114 Ioannis
587 3058 658 3124 ioco,
677 3057 750 3119 δόξαν
766 3055 800 3118 ὡς
817 3061 975 3128 μονογενοΰςι
998 3060 1109 3128 plor-iam
1126 3065 1191 3130 cina,
1209 3067 1283 3132 quari

114 3151 254 3216 sniqeaiti,
274 3143 406 3216 ίμροτοιόν
426 3151 453 3199 et
472 3143 636 3214 αἰτιολογικόν
657 3149 698 3197 est
717 3141 758 3204 ὡς.
800 3141 852 3197 Gur
869 3144 938 3198 enirn
956 3149 1030 3198 unta
1046 3146 1080 3198 sit
1101 3147 1196 3216 gloria,
1220 3164 1281 3202 con-

115 3233 223 3287 ditionis
239 3232 296 3286 eiua
313 3247 343 3285 ao
359 3230 479 3301 dignitati
494 3229 571 3284 debet
580 3229 706 3282 vadscribi.
736 3227 821 3294 Quare
836 3229 905 3284 idem
922 3235 964 3284 set
980 3231 1050 3300 qnod
1066 3241 1157 3302 αιροιε.
1187 3231 1239 3285 Sed
1250 3249 1282 3286 ea

114 3317 276 3389 significatio
287 3317 429 3387 particulas
441 3312 474 3376 ὡς
486 3316 573 3387 potius
591 3331 669 3386 quarn
685 3312 739 3376 ὡςιί
756 3317 884 3370 convenit.
910 3315 978 3381 lmo,
994 3322 1025 3369 ut
1040 3317 1067 3369 in
1079 3315 1213 3371 Thesauro
1225 3319 1282 3372 Ste-

115 3402 219 3474 phanus
229 3407 334 3467 mouet,
346 3399 401 3463 ὡςεί
411 3401 572 3472 frequentius
581 3407 720 3472 usurpatur
728 3417 774 3472 pro
785 3405 897 3466 circiter,
902 3406 974 3470 sere,
985 3417 1017 3455 ao
1026 3401 1137 3458 fortasse
1146 3417 1282 3474 nunquam

114 3491 197 3556 aliter,
209 3489 362 3560 praesertim
373 3488 401 3541 in
412 3503 491 3558 prosa
502 3488 619 3542 oratione
630 3487 749 3540 sumitur.
773 3485 846 3540 Unde
858 3487 967 3557 colligas
978 3503 1113 3558 perperam
1130 3489 1234 3544 loannis
1252 3491 1282 3543 il-

117 3575 172 3630 inni
183 3577 276 3630 iocum
286 3573 319 3627 ad
330 3573 357 3627 id
369 3571 467 3643 afferri,
479 3579 509 3626 ut
520 3573 666 3627 tricesimus
679 3587 764 3626 annua
773 3572 871 3626 solidus
883 3588 913 3625 ac
926 3573 1069 3643 completus
1082 3573 1206 3646 baptismi
1217 3582 1281 3630 tern-

115 3661 274 3731 porciniana
286 3659 412 3714 videatur.
434 3658 550 3712 Primum
562 3659 599 3712 ibi
610 3664 651 3711 eat
662 3655 708 3726 ὡς,
720 3673 773 3711 non
785 3654 853 3727 ὡςεί,
866 3663 893 3710 ot
904 3657 973 3728 apud
984 3659 1151 3730 interpretem
1163 3667 1282 3715 nostrum

115 3751 190 3814 φιαοί
199 3745 272 3799 idem
283 3750 323 3799 cst
335 3761 365 3798 ac
377 3755 505 3814 tenplum.
534 3743 633 3797 Deinde
649 3741 819 3812 αίτιολοχιαῶς
835 3749 862 3795 et
877 3739 1015 3814 ἐμρατιιιῶς
1032 3751 1180 3817 usurpatur.
1203 3747 1237 3798 At
1254 3748 1281 3799 in

114 3833 197 3886 staro
210 3833 256 3885 illo
267 3829 354 3884 Lucae
365 3831 423 3884 luco
435 3827 490 3890 ὡςεὶ
502 3827 651 3899 αἰτιολογίαν
663 3829 764 3882 nullam
780 3833 826 3880 aut
841 3823 944 3898 ἔμφασιν
955 3827 1046 3896 habui,
1061 3839 1179 3886 univero
1191 3831 1281 3886 simill-

113 3917 242 3974 tudinem.
265 3915 325 3970 Non
336 3921 405 3970 recte
417 3915 498 3986 igitur
509 3931 569 3969 cum
581 3915 712 3986 superiore
725 3912 863 3968 confertur.

183 4001 224 4056 De
237 4005 354 4056 ααοίοοίι·
364 4001 470 4057 notione
483 4000 559 4072 quod
563 4000 686 4072 proponit
697 3999 821 4070 Scaliger,
839 3997 904 4052 nibil
918 3999 951 4052 ad
962 4015 1018 4054 rem
1029 4001 1100 4054 iacit
1123 4003 1199 4056 Aliud
1212 4003 1283 4057 enim
1308 4023 1329 4064 ρ.
1340 4015 1383 4056 110.

115 4095 157 4140 eat
167 4089 318 4152 οιιιιίοοίαο,
335 4087 405 4142 aliud
422 4091 496 4158 qnasi
507 4089 654 4150 anniculus,
671 4085 703 4139 de
715 4101 766 4155 quo
778 4101 862 4138 sermo
874 4085 950 4138 nobis
963 4092 1009 4142 est.
1033 4087 1145 4156 Reliqua
1156 4087 1283 4158 Scaligsri

116 4173 236 4228 collectio
248 4173 382 4244 implicata
393 4177 420 4226 ct
430 4173 516 4226 inanis
529 4177 576 4226 est.
607 4171 674 4225 liam
691 4172 751 4241 quis
762 4169 827 4223 haec
842 4172 988 4242 intelligat?
1019 4171 1048 4224 Si
1065 4169 1119 4232 ὡςεὶ
1135 4171 1282 4244 ἀπορητικον

116 4259 164 4325 ait,
181 4259 239 4313 dica
250 4263 352 4312 tantvm
364 4275 412 4323 ar,
430 4263 476 4310 ant
491 4257 523 4310 ad
541 4273 672 4310 summum
686 4271 804 4310 mensem
815 4256 849 4311 ad
860 4256 999 4310 rotundum
1011 4255 1124 4310 deiniase
1136 4275 1281 4314 nnmerum.

117 4343 203 4408 Quare
220 4349 250 4398 ut
266 4342 379 4398 ianuarii
390 4361 425 4400 vr.
443 4343 588 4412 baptizatus
604 4341 695 4405 inerit,
712 4339 849 4395 Februario
866 4355 957 4394 mense
971 4341 1132 4396 tricesimum
1148 4345 1279 4416 implesse.

117 4427 199 4493 Quasi
207 4445 270 4484 vero
283 4427 583 4500 quinquepartitum
595 4423 748 4498 ἄπορητικόνς
760 4428 828 4480 sumi
836 4428 987 4493 voluerunt,
1000 4426 1130 4482 Christum
1142 4429 1281 4484 Februario

117 4528 208 4568 menae
220 4521 313 4569 natum
324 4529 381 4569 esso
393 4513 560 4578 crediderint3
571 4512 746 4576 ul0nnirius,
759 4513 804 4582 qui
813 4511 965 4565 duodecimo
977 4529 1057 4582 prope
1068 4529 1159 4568 mense
1168 4521 1228 4586 post
1236 4517 1281 4568 ba·

118 4599 245 4670 ptirmum
262 4606 377 4659 vertente
392 4599 501 4672 triginta
517 4598 622 4654 demum
638 4615 720 4654 annea
737 4597 855 4653 evolutos
871 4597 1010 4653 existimat.
1044 4597 1134 4671 Neque
1151 4615 1211 4654 vero
1227 4596 1281 4659 όςεὶ

1038 4703 1079 4756 G.
