3138 5044
1135 308 1257 384 ἐττει

96 487 182 540 eudem
190 487 326 551 mediante,
334 487 518 540 eeliuetenute
524 489 875 557 pespiciulsroequisocliuor.
900 483 1257 555 Ἰὶαιναενοννεεραεεδαρεν·

96 576 195 641 spitum
210 579 273 642 quie
288 576 495 636 resurrectionis,
512 591 577 642 quae
592 573 702 626 diluculo
708 576 789 640 sucta
805 582 854 634 eet,
867 575 1012 640 praecepero
1025 587 1093 639 pure
1100 581 1160 640 poet
1172 574 1257 640 nequi·

95 661 203 710 εοεεενινι
213 659 363 710 celebratur.
381 657 513 712 Hseoiere
522 657 592 711 Bedr
603 657 647 710 lib.
657 657 688 710 de
697 657 807 726 Aequis.
827 656 877 720 Qui
888 657 925 709 sic
934 655 1256 710 Anatolirerbsdeelaratr

94 742 158 796 (iarn
168 742 221 797 duo
231 743 285 796 dut
293 744 456 813 aequinoctio
466 744 582 796 attributi
591 743 658 807 dies,
667 743 817 796 Anatolium
826 742 857 794 de
865 741 1006 813 posteriore
1014 742 1098 811 loqui3
1109 741 1138 794 ln
1146 757 1198 811 quo
1207 741 1257 794 sel·

93 829 304 894 lieetnoeteilla,
316 845 383 899 quse
394 845 448 882 ιιι.
458 829 545 882 Martii
558 828 627 882 diem
639 829 763 899 sequitur,
775 828 968 898 aequinoctium
978 827 1114 897 contingit
1131 825 1257 880 imovero

93 913 122 966 de
132 915 282 985 vespertino
291 915 457 984 potissimum
466 915 629 984 aequinoctio
638 914 769 984 inteiligit,
780 913 989 984 quodAnatoline
998 913 1067 966 dicat
1074 913 1258 968 celebrandum

93 999 192 1069 pascha
204 1000 308 1070 quando
320 999 383 1054 luno
395 1001 445 1054 soli
457 1000 576 1072 opposita
587 1015 602 1052 ε
613 1001 720 1069 regione
732 997 935 1070 deprehenditur,
952 999 990 1052 sic
1005 1004 1035 1052 ut
1046 999 1158 1052 vernalis
1170 999 1258 1070 sequi·

94 1085 173 1138 noclii
184 1091 287 1155 partem
299 1086 338 1139 eol
351 1087 478 1150 obtinent,
496 1087 559 1138 luna
570 1101 630 1138 rere
643 1085 809 1138 autumnalis.
835 1085 905 1146 Quid
915 1103 985 1153 erpo,
997 1085 1093 1155 inquit,
1105 1087 1257 1150 mirandum,

94 1174 116 1222 st
127 1173 154 1222 εἰν
166 1185 203 1224 τι.
213 1171 276 1226 Kal.
287 1176 426 1242 aequiueet.
433 1174 496 1240 βεεν
507 1173 591 1234 dicut,
604 1187 659 1223 cum
672 1173 703 1224 ds
714 1173 762 1224 illa
774 1173 843 1241 loqui
852 1189 878 1224 se
891 1169 954 1223 tora
966 1171 1092 1235 declaret,
1104 1173 1204 1240 quoodo
1216 1189 1257 1224 oe·

94 1259 193 1309 εεάειιιε
204 1257 243 1309 ud
252 1273 383 1328 uesperum
394 1259 447 1310 soie
459 1259 518 1310 luna
531 1275 544 1310 ε
557 1260 688 1310 contario
699 1275 769 1309 εναννι
782 1257 875 1310 attollit
891 1259 1018 1309 exos-tues.⁸
1051 1255 1141 1326 Pergit
1157 1255 1258 1322 deiude,

93 1345 118 1394 et
134 1341 205 1412 qnod
216 1343 353 1396 Anatolium
371 1343 520 1414 scripserat,
536 1347 564 1396 in
580 1359 616 1398 rr.
627 1343 690 1396 Kal.
699 1343 767 1413 Ape.
779 1343 854 1395 solem
871 1359 919 1395 sou
931 1349 1027 1395 tentum
1033 1345 1146 1412 ρειαναιιι
1154 1352 1258 1412 purtem

94 1431 137 1479 τοῦ
149 1427 367 1498 δωδεκατημορίου
380 1432 563 1492 conscendisse,
576 1447 661 1482 αενιεειν
673 1433 750 1481 etium
761 1430 888 1498 quadrum
899 1431 951 1480 ium
962 1431 990 1479 io
1001 1430 1088 1480 eudem
1101 1427 1257 1492 distulere,

93 1513 129 1565 sic
147 1513 269 1584 exponit:
290 1513 359 1575 Quin
374 1518 469 1582 quoties
486 1515 672 1584 aequinoctiale
689 1523 784 1583 tempus
799 1516 872 1566 iusto
889 1517 1011 1566 resonem
1019 1517 1170 1582 praefatum
1182 1517 1209 1564 iu
1220 1529 1257 1568 ιε.

94 1597 155 1650 Kal.
166 1601 273 1662 incidit,
286 1603 357 1652 toties
368 1605 396 1652 in
407 1603 462 1670 s‘pso
475 1604 592 1669 temporie
603 1609 722 1652 momento
732 1599 781 1650 illa
793 1607 886 1666 ριιατεα
893 1615 962 1667 pars
972 1599 1037 1662 diei,
1050 1617 1114 1668 quae
1126 1602 1257 1650 aunuatim

94 1699 243 1737 accrescere
260 1685 333 1748 solet,
350 1687 485 1738 seeundum
502 1693 622 1738 naturum
634 1689 754 1754 perfectu
771 1701 823 1736 esee
839 1685 1003 1752 dignoscitur.
1038 1682 1123 1746 Quare
1139 1683 1180 1736 sol
1196 1699 1257 1738 oum

93 1771 286 1841 aequinoctium
299 1771 398 1842 attigit,
410 1771 463 1824 iam
475 1771 526 1824 disi
538 1770 708 1840 quadrantem
721 1769 840 1824 absolvit.
865 1767 944 1832 Quasi
956 1768 1035 1834 dicat,
1047 1767 1080 1822 ab
1092 1769 1256 1838 aequinoctio

93 1871 142 1908 uuo
154 1869 236 1909 verno
253 1856 285 1909 ad
302 1857 423 1920 alterum,
442 1857 496 1910 dies
512 1855 675 1909 intercedunt
690 1855 767 1908 solidi
780 1869 907 1918 ccccxv„
925 1859 950 1907 et
966 1853 1044 1907 horae
1056 1873 1090 1908 vr.
1113 1853 1210 1908 Verum
1228 1859 1257 1909 ut

93 1945 221 2011 qnantum
233 1942 266 1994 ab
275 1941 389 1996 Anatolii
401 1957 480 1996 sensu
489 1942 612 1996 deerrarit
622 1941 768 2010 intelliges,
779 1940 892 2010 insignis
901 1941 1012 2011 primum
1021 1941 1064 1993 ille
1073 1937 1146 1993 locus
1156 1939 1256 1994 anobis

92 2027 273 2098 explanandus
286 2033 333 2082 est.

157 2113 256 2168 Genset
271 2115 352 2184 igitur
369 2115 506 2168 Anatolins
523 2127 640 2167 mensem
660 2113 773 2183 primum
794 2113 856 2166 anni
876 2113 953 2182 primi
972 2113 1051 2167 totius
1072 2114 1139 2183 cycli
1156 2111 1256 2168 decem·

91 2200 245 2254 novennalis
258 2199 389 2269 νουμηνίαν
401 2199 496 2254 habere
507 2201 534 2253 in
551 2215 623 2254 τινε.
635 2197 810 2262 Phemonoth‚
827 2199 882 2251 sire
897 2197 1074 2263 Mutilum,
1091 2201 1132 2252 rel
1150 2217 1185 2253 rr.
1197 2199 1255 2255 liei.

92 2283 164 2354 Apr.‚
182 2299 236 2356 qna
252 2285 293 2338 die
309 2286 349 2338 sol
364 2287 478 2355 primunr
489 2285 589 2338 zodiaci
599 2291 765 2354 segmentum
777 2285 910 2356 percurrit.
943 2283 1017 2348 Quod
1029 2293 1194 2356 segmentum
1205 2287 1256 2357 pri·

90 2385 163 2422 mum
175 2369 406 2440 δωδεκατημόριον,
419 2377 445 2424 et
456 2369 604 2442 imperpetuo,
617 2377 643 2424 et
653 2371 811 2441 principium
822 2369 951 2424 mensium
968 2371 1083 2442 adeoque
1100 2373 1166 2442 cycli
1176 2373 1256 2426 totius

91 2453 219 2525 appellat,
236 2461 263 2508 et
280 2451 363 2525 ἄρεαιν
376 2459 420 2508 τοῦ
432 2459 481 2509 τῶν
494 2457 625 2522 πλανητῶν
643 2457 752 2528 δρόμου,
770 2456 818 2510 hoc
837 2461 878 2508 est
892 2457 961 2512 velut
979 2473 1094 2511 osreeres
1110 2475 1144 2511 err
1162 2459 1257 2528 quibus

89 2540 252 2596 emittuntur.
276 2541 342 2596 liam
356 2543 533 2596 ahsolutionem
546 2535 667 2596 itnifinus
679 2559 733 2596 non
744 2549 813 2596 recle
824 2544 1005 2613 interpretetus
1020 2549 1072 2608 est;
1089 2543 1140 2596 nisi
1157 2543 1257 2598 absolsi

89 2625 179 2680 stellas
191 2627 227 2680 sit
237 2625 306 2682 idern
319 2629 388 2698 quod
399 2629 491 2683 emitti.
516 2625 671 2698 Quanquam
683 2628 782 2699 epocha
792 2629 849 2693 illa,
866 2629 921 2681 sire
931 2631 1056 2698 punctum
1067 2629 1257 2697 aequinoctiale

88 2711 158 2764 idem
171 2713 305 2782 sequentis
317 2727 409 2766 cursus
420 2713 524 2766 initium
536 2719 589 2779 est,
606 2719 632 2766 et
647 2715 824 2768 antecedentis
840 2715 972 2766 terminus.
1006 2712 1079 2766 Unde
1091 2712 1256 2767 vehementer

88 2813 133 2850 sos
149 2797 307 2852 hallucinari
323 2799 397 2852 docet
415 2801 459 2868 qui
476 2801 502 2852 iu
519 2801 648 2852 anteriore
664 2805 848 2870 postremoque
860 2803 994 2868 segmento
1006 2813 1123 2850 mensem
1133 2799 1256 2869 primum,

88 2887 113 2934 et
124 2901 180 2936 nr.
189 2882 339 2954 paschalem
349 2886 517 2938 constituunt
537 2885 637 2938 Greece
645 2885 716 2938 euim
725 2885 758 2937 ad
767 2883 835 2937 huuc
848 2899 953 2937 sensum
965 2884 1188 2938 accommodanda
1197 2901 1256 2939 esse

87 2970 169 3021 series
182 2970 242 3040 ipsa
253 2971 377 3024 orationis
390 2971 498 3024 indicat:
512 2969 550 3022 διδ
563 2969 669 3030 καὶτοὺς
681 2967 705 3022 iu
718 2969 787 3039 αὐτῷ
799 2967 932 3039 eruption,
942 2968 984 3021 r'ov
993 2971 1092 3039 πρῶτον
1104 2973 1176 3041 μῆνα.
1194 2971 1255 3024 Ρτο-

87 3069 185 3108 nomen
203 3053 273 3124 αὐτῷ
291 3055 324 3108 ad
342 3055 480 3108 τελευταῖον
498 3056 721 3126 δωδεκατημόριον,
739 3061 766 3108 et
782 3054 852 3116 τέλος
869 3059 911 3122 τῆς
926 3057 975 3106 τῶν
992 3053 1122 3121 πλανητῶν
1141 3057 1255 3127 περιόδου

86 3142 209 3210 pertinet.
246 3139 300 3194 Neo
311 3147 380 3194 recte
393 3141 498 3211 qnidam
511 3141 652 3194 emendant
664 3141 711 3212 προ
725 3140 810 3196 αὐτοῦ,
844 3139 910 3195 Nem
927 3141 957 3195 de
971 3145 1103 3213 postremo
1119 3147 1256 3212 segmento

86 3227 212 3296 loquitur.
248 3225 336 3296 Pergit
348 3225 451 3280 deiude:
471 3226 512 3278 sul
524 3226 567 3293 τὴν
581 3225 611 3280 ιδ’
624 3231 668 3278 τοῦ
680 3224 766 3298 πάσχα
778 3225 833 3279 κατ’
845 3226 919 3294 αὐτὴν
931 3226 1100 3298 λαμβάνοντας
1113 3225 1141 3279 οὗ
1155 3231 1256 3298 μιαρῶς,

86 3309 141 3363 οὐδ’
154 3307 190 3371 ὡς
203 3307 287 3382 ε’τνχεν
299 3309 444 3382 ἁμαρτάνειν
462 3311 548 3382 papie.
584 3313 634 3366 Pro
652 3311 706 3364 κατ’
719 3312 794 3379 αὐτὴν
810 3313 916 3366 omniuo
928 3311 982 3364 κατ’
994 3311 1055 3364 αὐτὸ
1067 3313 1206 3384 legendum
1219 3315 1256 3368 ai·

86 3396 173 3452 firmo.
199 3395 269 3450 Nihil
280 3398 350 3450 euim
362 3403 466 3467 estque
478 3397 615 3451 commode
627 3415 770 3468 pronomen
781 3399 845 3452 illud
856 3397 988 3452 reseratur.
1012 3399 1046 3451 At
1056 3400 1176 3469 proxime
1185 3399 1256 3453 dixe-

85 3488 136 3546 rat,
149 3482 209 3542 τους
222 3480 246 3533 lu
259 3481 328 3553 αὐτῷ
340 3481 490 3553 τιθεμένους,
503 3484 623 3537 videlieet
634 3483 765 3553 τελευταίῳ
778 3485 894 3554 τμήματι.
912 3481 986 3548 Quod
998 3485 1092 3555 siquis
1104 3485 1137 3538 ed
1149 3501 1257 3556 eaquae

85 3569 230 3622 remotiora
241 3574 314 3633 sunt,
326 3575 390 3639 pute
400 3571 484 3638 μηνῶν
495 3567 581 3638 ἀρχὴν,
594 3575 620 3622 et
632 3569 747 3640 νιεραλην,
760 3576 786 3622 et
799 3566 881 3638 ἄρεειν
893 3571 1018 3640 pertinere
1030 3571 1182 3635 contendat,
1194 3589 1254 3624 con·

84 3655 196 3708 icarium
213 3653 319 3722 quidem
335 3655 391 3708 eius
411 3655 481 3726 quod
498 3671 647 3725 pugnemus
665 3656 785 3726 quodque
797 3656 944 3708 Anatolium
962 3657 1074 3709 sensisse
1087 3657 1207 3710 volumus
1220 3675 1254 3710 ex

83 3755 114 3792 ea
136 3739 261 3793 erutione
278 3746 407 3810 coquetur.
442 3740 570 3794 Nimirum
588 3757 642 3794 non
658 3741 735 3794 licere
752 3759 806 3796 τιν.
823 3740 969 3812 paschalem
985 3743 1068 3811 primo
1084 3743 1129 3795 illo
1145 3743 1187 3796 die
1203 3759 1255 3812 quo

83 3823 283 3896 aequinoctium
295 3825 438 3891 coniicitur,
450 3827 496 3880 sed
508 3827 535 3878 in
548 3827 676 3896 superiori
687 3832 811 3881 tmernate
824 3825 946 3896 defigere,
958 3827 1068 3898 ideoque
1079 3825 1177 3898 pasche
1189 3845 1254 3882 τετε.

82 3911 124 3964 die
135 3911 267 3964 celebrari
278 3925 365 3980 posse.
388 3911 417 3964 Si
435 3913 504 3964 eninr
521 3912 596 3964 nolas
612 3915 653 3964 est
665 3910 718 3962 κατ’
732 3911 806 3978 αὐτὴν
819 3910 861 3978 τὴν
873 3910 964 3982 ἡμέραν
976 3911 1132 3984 aequinoctii
1145 3931 1197 3968 nv.
1209 3926 1255 3983 pa·

82 3995 205 4048 seirslem
222 4009 332 4065 ponere,
350 3995 410 4049 licet
427 3997 507 4066 igitur
524 3997 644 4067 proximo
659 4003 718 4050 ante
734 3997 807 4050 illem
825 3997 878 4063 die,
897 4003 925 4052 ut
941 3999 1060 4050 citimum
1075 3997 1175 4068 pasche
1191 4015 1256 4056 rrrr.
1283 4023 1304 4062 p.
1314 4011 1357 4052 rer.

80 4081 175 4134 Martii
187 4081 368 4144 constituatur,
381 4082 451 4152 quod
463 4089 488 4134 et
496 4097 587 4136 rerum
600 4087 640 4134 est
651 4087 710 4152 post
721 4081 828 4135 Niceeni
837 4083 939 4136 concilii
951 4089 1068 4154 tempora
1077 4083 1176 4136 licitum
1190 4099 1255 4140 esse.

81 4165 183 4219 Verum
195 4164 247 4220 lroc
255 4167 405 4220 Anatolium
417 4168 595 4232 exutimusse,
608 4173 653 4220 aut
664 4168 697 4221 ed
709 4183 767 4221 eam
779 4175 892 4222 mentem
903 4169 972 4222 illius
982 4169 1072 4222 referri
1081 4169 1160 4221 verba
1170 4185 1256 4239 posse,

79 4253 105 4306 id
118 4267 186 4306 vero
199 4257 350 4306 constanter
361 4267 439 4322 nego.
463 4253 594 4323 Imprimis
606 4254 676 4306 eninr
687 4253 828 4308 absurdum
842 4261 893 4320 est,
908 4270 1052 4325 pronomen
1065 4253 1211 4320 utriscum
1223 4257 1256 4308 iis

79 4339 247 4406 coniungere
260 4351 326 4406 quae
337 4343 411 4391 tanto
424 4343 484 4390 ante
497 4339 622 4392 orationis
633 4339 770 4394 intervallo
781 4341 867 4412 posita
881 4345 949 4394 sunt.
985 4339 1084 4394 Deinde
1099 4338 1194 4394 refellit
1210 4354 1255 4395 eos

77 4423 237 4487 Anatolius,
256 4423 300 4492 qui
317 4431 377 4476 unte
394 4423 508 4494 primum
525 4429 691 4495 segmentum
707 4432 734 4478 et
750 4425 908 4496 aequinoctii
924 4425 990 4480 diem
1008 4426 1121 4496 primum
1137 4441 1255 4480 mensem

78 4508 267 4572 celebrabant3
283 4509 352 4579 quod
367 4525 422 4564 uon
437 4509 553 4563 lacerent
568 4511 591 4562 ei
607 4529 660 4564 ειν.
672 4511 821 4581 paschalem
838 4513 865 4565 in
881 4511 937 4582 ipso
955 4511 1135 4582 aequinoctiali
1151 4511 1192 4565 die
1204 4511 1255 4564 col·

78 4597 215 4660 Ιοεεεεαιε
232 4593 281 4652 Ιιοε
299 4596 369 4650 enlm
385 4596 462 4667 primi
476 4596 574 4650 mensis
586 4597 689 4651 initium
701 4605 749 4654 est.
785 4597 825 4651 Ad
836 4596 899 4652 haec
911 4613 978 4668 qnae
990 4613 1024 4652 ex
1035 4597 1188 4652 indecorum
1200 4595 1255 4666 pls-
