3166 5044
312 301 424 364 mn

322 577 325 584 Ι
397 495 442 552 so
459 495 633 554 nminem
648 497 693 566 n,
716 497 806 566 nolu
822 497 886 554 usu
902 462 1390 556 cassurusosuouoirnsuom

322 651 325 656 ¹
380 635 672 700 Quartadeolmsnorurn
691 638 748 691 sire
760 637 1062 709 -Treeuparrordrxurrreiv
1079 635 1193 691 haeresis
1214 653 1246 691 ea
1261 639 1365 709 proprie
1382 637 1471 691 dicitu

313 734 380 792 quae
390 722 495 776 Iudaico
506 739 580 776 mere
590 722 691 792 pascha
705 725 768 776 luna
779 741 832 779 rrv.
845 723 1029 779 celebrandum
1042 724 1146 788 usarii,
1163 738 1353 794 quamcumque
1368 723 1472 776 dunas
1565 755 1566 762 κ

312 810 340 862 in
351 809 443 864 leriam
454 807 563 862 incidatz
581 823 648 878 qnae
659 809 709 862 luit
720 809 893 862 Asiaticorum
905 809 1005 880 opinio,
1021 810 1068 879 qui
1079 809 1184 862 loannis
1199 811 1336 863 commuta
1346 809 1408 862 heti
1417 825 1473 880 per·

312 893 431 948 dnacitm
441 895 521 948 ritum
532 895 606 950 illum
618 893 884 964 consuetudinemque
894 901 1043 950 tenuerunt*
1068 895 1107 948 De
1120 912 1170 965 qno
1181 895 1310 950 Eusebius
1320 896 1397 948 libs.
1408 895 1474 948 tint

312 979 392 1033 Addit
407 981 569 1049 Augustinus
586 981 631 1034 lib.
644 979 675 1032 de
690 981 795 1036 Haeres.
814 981 921 1034 eoadem
936 981 996 1034 illos
1008 999 1061 1036 xrv.
1077 981 1142 1034 luna
1157 981 1244 1035 Martii
1258 981 1357 1034 mensis
1375 979 1475 1051 pascha

312 1065 412 1119 fixisse.
431 1065 481 1119 Ubi
489 1067 613 1120 Martium
622 1084 674 1120 non
684 1067 825 1135 Iulianum,
837 1066 883 1119 sed
894 1067 1012 1119 lunarem
1023 1067 1135 1136 intelligi
1146 1083 1250 1120 necesso
1261 1071 1314 1130 eet,
1326 1083 1388 1119 com
1398 1065 1474 1136 pleri·
1565 1079 1566 1088 ¹

314 1167 364 1220 qne
375 1151 511 1222 paschales
522 1169 630 1206 menses
639 1153 717 1206 etiarn
730 1151 827 1206 ludoici
838 1153 866 1206 in
877 1153 992 1222 Aprilem
1003 1152 1153 1206 inciderent
1176 1151 1233 1206 Nisi
1247 1152 1314 1206 terte
1330 1153 1358 1204 in
1374 1167 1406 1204 es
1418 1151 1474 1220 qui·
1565 1215 1566 1232 Χ

314 1237 375 1290 dam
392 1237 513 1307 opinione
530 1237 627 1290 fuerint
642 1243 671 1290 ut
681 1239 776 1290 Martio
793 1255 882 1290 meuse
899 1243 1023 1308 perpetuo
1036 1237 1218 1290 celebrandurn
1229 1242 1356 1307 potarent
1380 1236 1476 1290 Scribit
1565 1275 1566 1286 ,

313 1323 384 1376 eninr
395 1319 546 1378 Philostrins
562 1322 807 1385 Quartodecimauos
824 1322 923 1393 pasche
938 1337 1027 1376 mense
1042 1323 1137 1376 Martio
1154 1323 1336 1378 celebrandum
1352 1337 1474 1376 asserere.
1565 1311 1566 1316 ἵ

312 1409 399 1476 Atque
410 1405 475 1460 haec
485 1410 535 1458 τῶν
547 1408 840 1477 Τεσσαρεςκαιδεκατιτῶν
854 1423 917 1461 vera
927 1417 968 1462 est
979 1415 1006 1461 et
1016 1425 1143 1478 germana
1154 1409 1236 1462 notio·
1262 1408 1351 1461 Sedet
1362 1408 1415 1460 alia
1425 1407 1476 1460 init
1565 1439 1566 1490 ἦ

314 1493 406 1547 eodem
416 1493 544 1546 vocabolo
557 1493 742 1563 comprehensa
754 1494 952 1564 depravatorum
963 1495 1072 1548 istorum
1086 1493 1179 1558 factio,
1196 1509 1263 1564 quae
1278 1494 1344 1546 min
1360 1491 1474 1562 quedam
1565 1565 1566 1568 Ἴ

313 1579 441 1632 senione
457 1577 749 1641 Quariadeeimanorom
764 1595 860 1632 nornen
876 1581 978 1632 meroit
1009 1580 1133 1633 Nonnulli
1149 1580 1244 1650 quippe
1258 1577 1413 1632 celebrando
1430 1593 1474 1648 pa·
1565 1569 1566 1574 '

314 1663 397 1718 achati
409 1669 509 1717 certum
521 1665 549 1717 in
561 1681 628 1718 auno
641 1665 741 1718 Iuliano
754 1665 823 1717 hem
834 1669 993 1719 statueruntr
1005 1667 1077 1720 reim
1087 1683 1143 1724 orn.
1157 1665 1213 1718 Kal.
1225 1670 1272 1717 aut
1281 1676 1324 1718 xv.
1338 1671 1384 1716 aut
1395 1681 1431 1729 r„
1442 1664 1473 1716 de
1565 1693 1566 1722 ;

314 1751 409 1820 quibus
420 1752 498 1820 penlo
514 1756 575 1820 post
591 1751 723 1820 agendum
739 1751 801 1814 erit,
817 1767 884 1820 quos
900 1767 991 1804 omues
1003 1751 1162 1821 Epiphanius
1179 1750 1212 1803 sd
1229 1749 1474 1814 Quartodecimauos
1565 1733 1566 1752 ’

226 1861 247 1900 o.
256 1850 288 1892 te
314 1837 475 1906 aggregarit.
498 1837 586 1889 Tertia
597 1839 639 1902 τῆς
651 1841 695 1887 τοῦ
707 1834 798 1905 Πάσχα
810 1836 957 1906 διαστροφῆς
968 1837 1035 1890 ratio
1046 1841 1125 1906 atque
1136 1836 1262 1900 haeresia,
1278 1839 1309 1887 nt
1319 1851 1335 1886 a
1345 1835 1473 1905 prioribus

313 1922 427 1986 dumea,
445 1923 482 1993 eje
495 1921 788 1985 Quartodecimsuorurn
805 1923 1004 1992 appellationem
1021 1922 1114 1976 iustius
1127 1938 1206 1992 quam
1217 1921 1343 1991 posterior
1355 1919 1420 1973 haec
1431 1921 1474 1974 ob·
1565 1909 1566 1918 ¹

313 2008 418 2072 u'nebit3
436 2023 573 2076 quaecum
585 2009 734 2060 uniuersam
746 2008 809 2060 olim
820 2008 969 2072 eeclesiam,
986 2013 1042 2060 tum
1059 2009 1195 2078 praecipue
1206 2007 1392 2063 occidentalem
1403 2022 1475 2059 erer-

314 2095 376 2148 cnit
400 2095 473 2146 Hanc
485 2095 529 2162 qui
540 2095 623 2146 secuti
633 2098 706 2156 suut,
724 2091 820 2164 pasche
833 2094 870 2146 illi
887 2094 991 2162 quidem
1003 2094 1133 2147 dominico
1145 2093 1186 2146 elie
1197 2094 1376 2156 celebrabant;
1392 2092 1438 2144 sed
1452 2091 1475 2144 ai

314 2180 478 2234 aculonem
490 2193 550 2232 eam
559 2179 628 2234 diem
639 2179 769 2244 incideret,
781 2197 833 2232 non
845 2195 879 2232 ex
890 2181 1049 2250 praescripto
1059 2179 1188 2234 Nicaense
1194 2178 1296 2248 Synodi
1306 2179 1334 2230 in
1342 2195 1398 2232 aar.
1408 2177 1475 2230 ciem

314 2263 480 2328 differebant,
497 2264 542 2316 ssd
559 2265 586 2317 iu
597 2266 708 2317 termino
721 2265 778 2334 ipeo
790 2265 886 2318 lectum
898 2265 1014 2320 obibant.
1037 2265 1112 2328 Quod
1127 2265 1156 2318 in
1168 2265 1254 2318 Gallia
1268 2264 1416 2333 quondam,
1432 2263 1474 2316 lli·
1565 2277 1566 2318 i

314 2351 419 2422 spania,
437 2365 467 2402 ac
483 2350 635 2420 praesertim
650 2349 786 2404 Britannia
800 2353 938 2421 plerosque
955 2352 1071 2404 urrunsa
1086 2355 1214 2404 momatur
1229 2349 1329 2412 Bedae,
1347 2347 1475 2419 segetem
1565 2387 1566 2422 ,

313 2451 345 2490 ao
356 2441 516 2490 eremorum
528 2437 632 2506 scripta.
651 2436 714 2490 Vide
726 2438 852 2507 imprimis
862 2435 961 2490 Bedarn
972 2439 989 2490 l.
999 2453 1027 2490 u.
1038 2437 1107 2490 Ecel.
1119 2437 1184 2489 illst
1196 2451 1218 2490 c.
1228 2455 1276 2499 111,
1288 2441 1316 2488 et
1324 2435 1374 2490 lv.
1387 2452 1411 2490 c.
1421 2453 1473 2490 arr.
1565 2433 1566 2446 ¹

314 2524 382 2577 Tum
391 2539 459 2593 quae
467 2521 500 2574 sd
508 2519 683 2592 Nicephorum
692 2529 752 2575 aute
761 2539 857 2593 paucos
867 2539 951 2576 annos
960 2522 1151 2578 &ceraunus
1169 2523 1319 2574 Postremus
1328 2520 1360 2574 de
1370 2521 1474 2574 celebri·
1565 2511 1566 2556 l

313 2615 367 2662 tate
382 2608 512 2680 paschatis
525 2624 595 2660 error
606 2607 756 2662 Latinorum
773 2608 834 2672 luit,
853 2610 898 2678 qui
915 2625 974 2662 oum
990 2610 1017 2661 iu
1034 2609 1142 2662 caeteris
1157 2607 1300 2662 Niesauuan
1311 2623 1440 2660 monem
1451 2612 1476 2660 et
1565 2623 1566 2684 p

313 2694 466 2750 eathohcanr
477 2695 597 2764 regulam
609 2694 788 2759 observarent,
800 2695 905 2748 induco
917 2701 1004 2748 tamen
1016 2695 1067 2748 ritu
1080 2695 1198 2748 citiorum
1208 2695 1348 2747 terminum
1360 2697 1475 2746 anterer·
1565 2687 1566 2702 *

312 2787 397 2835 tentes
412 2781 490 2851 primi
505 2780 604 2834 mensis
625 2781 789 2834 neomeniam
803 2800 827 2836 v.
846 2781 933 2834 hisrtii
947 2769 1153 2845 constituebant,
1170 2795 1200 2832 ae
1217 2779 1283 2832 duos
1299 2792 1384 2832 anuos
1406 2793 1476 2832 ccm-

313 2883 406 2922 muues
423 2865 569 2931 habebant,
584 2883 651 2935 qnos
666 2867 759 2936 reliqui
775 2867 980 2930 embolismiooe;
997 2866 1121 2919 nimirum
1138 2867 1210 2934 cyclo
1220 2883 1278 2918 rur.
1295 2877 1327 2918 ac
1339 2881 1394 2918 m.
1426 2863 1476 2917 Ad·

313 2969 404 3006 versus
422 2969 487 3022 quoe
505 2969 646 3022 eorumque
664 2953 818 3022 signiferum
835 2953 994 3007 Victorinum
1010 2951 1125 3022 disputet
1141 2951 1213 3004 Beda
1228 2967 1282 3004 uon
1297 2965 1350 3004 unc
1367 2951 1396 3003 iu
1410 2950 1477 3004 loco.
1565 2979 1566 3002 r

314 3039 399 3108 Atque
409 3039 459 3090 atei
469 3039 532 3092 luna
541 3055 593 3092 arr.
604 3054 793 3108 nonnunquam
803 3039 848 3092 isti
858 3037 956 3108 paseha
964 3038 1093 3091 dominico
1106 3037 1147 3090 die
1158 3037 1330 3102 celebrarent,
1340 3051 1478 3107 uunquam
1565 3077 1566 3082 κ

227 3173 234 3188 ,
281 3169 286 3183 ,
313 3130 402 3178 tamen
413 3128 473 3177 ante
489 3124 695 3193 aequinoctium:
713 3125 782 3193 qnod
799 3123 887 3178 ludaei
903 3124 1069 3187 lectitabant,
1083 3128 1116 3177 at
1132 3123 1195 3176 alibi
1210 3123 1318 3176 dicebar.
1348 3121 1402 3175 Sed
1414 3121 1478 3175 haee

314 3225 381 3279 quae
397 3209 428 3262 de
444 3209 542 3262 Latinis
559 3209 642 3262 obiter
657 3209 752 3262 iniecta
769 3217 841 3263 sunt:
858 3211 981 3264 nimirum
997 3226 1042 3262 eos
1058 3223 1246 3278 nonuunquam
1262 3205 1360 3277 pascha
1376 3205 1479 3261 decim

314 3301 407 3364 quarta
423 3295 486 3348 luna
500 3295 646 3372 peregisse,
662 3296 779 3348 motione
796 3311 827 3348 ac
842 3295 1006 3348 diefinctioue
1022 3309 1087 3364 opus
1103 3295 1208 3348 habeut.
1231 3294 1335 3363 Duplex
1346 3294 1420 3348 enim
1431 3294 1479 3348 La·
1565 3355 1566 3376 χ

313 3381 427 3434 tinorum
438 3381 480 3434 rel
491 3395 581 3433 eorum
593 3385 665 3432 aecta
675 3381 725 3433 init
736 3381 780 3450 qui
793 3397 851 3436 cum
863 3381 996 3434 dominico
1006 3381 1050 3434 din
1062 3379 1159 3451 pascha
1170 3379 1340 3444 conficerent,
1357 3393 1376 3431 a
1391 3379 1479 3434 catho-
1565 3389 1566 3438 i

313 3467 370 3519 licis
387 3463 556 3520 nihilominus
572 3467 761 3536 discrepabant.
786 3467 853 3520 Nam
869 3467 914 3520 alii
925 3485 978 3520 xrv.
994 3467 1069 3531 luna,
1087 3467 1110 3518 si
1125 3466 1155 3530 iu
1171 3465 1331 3545 dominicum
1344 3465 1479 3531 incideret,
1565 3469 1566 3524 l

314 3551 603 3605 celebritati-cacabant
626 3552 677 3604 Alii
687 3553 793 3606 uouuiei
803 3553 906 3605 decima
917 3557 994 3608 sexta
1004 3553 1078 3616 lune3
1095 3567 1161 3622 quoe
1173 3550 1277 3621 proprie
1287 3549 1396 3604 Latinos
1407 3551 1481 3605 Beda
1565 3609 1566 3630 ,

314 3637 481 3692 etVictoriue
497 3636 637 3707 appellant.
666 3638 781 3701 Quorum
798 3638 915 3690 doctrina
931 3638 1045 3691 breviter
1058 3636 1107 3690 boe
1123 3637 1180 3689 loco
1196 3635 1353 3692 declaranda
1367 3636 1479 3692 viduor.
1565 3631 1566 3666 ⁴

313 3723 466 3778 Latinorum
476 3721 558 3791 igitar
568 3723 632 3776 ritus
644 3723 671 3775 iu
683 3723 839 3792 quibusdam
850 3739 910 3778 cum
919 3723 1100 3776 Alexandnnn
1112 3723 1296 3786 conveniebat,
1307 3722 1335 3774 iu
1346 3721 1407 3776 aliis
1418 3739 1481 3778 vero
1565 3775 1566 3778 ,

314 3807 458 3864 differebat.
482 3807 660 3878 Oougruobat,
678 3813 805 3878 quatenus
820 3825 874 3862 uon
890 3809 941 3862 alio
957 3809 999 3862 die
1016 3824 1096 3878 qoam
1111 3808 1240 3862 ἀοηιίιιίεο
1256 3806 1354 3878 pasoha
1365 3809 1481 3862 cdebra·

314 3896 386 3959 bant,
397 3900 454 3950 turn
464 3894 533 3963 quod
542 3894 747 3964 nunquamluna
756 3911 818 3959 arv,
829 3895 996 3964 quantamvis
1004 3893 1149 3946 dominicus
1158 3895 1185 3946 iu
1195 3909 1255 3946 eam
1263 3892 1317 3946 dies
1327 3893 1480 3948 incurreret

314 3979 457 4034 Differebst
472 3995 533 4032 vero
553 3980 679 4050 primum,
703 3979 827 4048 quoniam
849 3980 952 4032 illorum
974 3979 1110 4050 paschales
1134 3979 1286 4032 neomeniae
1308 3994 1339 4031 ac
1362 3978 1481 4033 decimae
1565 3995 1566 4058 ζ

316 4072 422 4133 quartae
432 4065 561 4120 Nicaenae
578 4067 786 4129 antevertebant,
803 4066 830 4116 in
845 4065 925 4134 cyclis
939 4065 1054 4130 duobus,
1070 4081 1164 4136 nempe
1176 4081 1230 4118 arx.
1243 4069 1269 4116 et
1280 4083 1349 4128 vnn,
1362 4065 1410 4134 qni
1421 4067 1481 4119 Ale·

315 4151 448 4205 xaudriais
464 4151 637 4205 embolimaeiv
647 4151 764 4215 fuerunt,
781 4149 880 4202 Latinis
897 4165 1058 4205 communes.
1093 4149 1295 4220 Respondebant
1310 4150 1382 4202 enim
1399 4151 1480 4220 cyclis
1565 4145 1566 4156 ¹

315 4232 466 4289 Latinorum
478 4255 530 4290 xvr.
543 4243 569 4290 et
581 4233 605 4291 vv.
630 4235 781 4288 heduorum
792 4234 875 4288 Nisan
886 4237 959 4304 cyclo
971 4235 1085 4290 Nicaene
1098 4243 1152 4290 xrs.
1169 4235 1261 4304 quinto
1272 4235 1361 4288 Martii
1379 4237 1479 4290 mensis
1565 4267 1566 4272 =

314 4319 419 4374 initium
429 4319 527 4378 habuit
551 4322 631 4391 Cyclo
648 4325 736 4387 antem
752 4325 843 4372 octavo
854 4319 982 4386 Nicaeno,
998 4320 1150 4375 Latinorum
1167 4320 1271 4389 quinto,
1291 4320 1374 4374 Nisan
1390 4321 1480 4374 Martii

316 4423 351 4458 rr.
363 4407 534 4474 congruebst,
551 4407 594 4475 qui
611 4407 667 4458 dies
681 4411 756 4458 extra
766 4404 914 4474 paschalem
925 4405 1160 4460 Alexandrinorum
1170 4405 1311 4460 terminum
1321 4407 1478 4460 mnsietnnt.

315 4489 455 4561 Propterea
470 4491 498 4543 in
512 4492 588 4544 anuis
598 4492 650 4545 illis
661 4491 810 4545 Latiniano
823 4507 911 4544 meuse
923 4489 1021 4560 paseha
1031 4491 1174 4548 Nicaenum
1185 4491 1371 4561 anticipabant
1395 4491 1479 4564 Igitur

215 4607 238 4646 ρ,
246 4595 291 4637 su,
315 4576 468 4630 neomeniae
478 4571 613 4644 paschales
623 4575 775 4631 hunorum
787 4591 804 4629 a
814 4595 839 4632 v.
850 4576 939 4632 Martii
950 4575 983 4628 ad
993 4593 1022 4634 rr.
1032 4575 1127 4647 Aprilis
1139 4591 1233 4631 nerem
1244 4581 1270 4630 et
1281 4575 1376 4646 viginti
1386 4577 1478 4632 diebus
