3126 5046
324 273 508 332 comum

325 431 450 496 ridimbe,
466 431 494 484 tn
506 429 654 500 Aethiopia,
671 445 725 484 non
741 429 770 483 in
780 429 844 483 Asis
859 428 939 482 eitum
955 427 1047 494 habet,
1063 432 1095 482 ut
1104 427 1147 484 rel
1161 425 1321 500 Epiphanius
1337 426 1395 498 ipen
1409 425 1476 480 initio
1546 415 1547 432 ³

324 515 400 570 huius
418 515 503 586 operis
519 521 545 568 et
560 516 588 568 iu
599 513 730 569 Sethianis
743 514 829 580 docet,
847 530 906 567 cum
918 513 950 567 cle
960 514 1150 585 propagatione
1161 513 1279 584 gentium
1291 513 1355 583 agit.
1389 511 1477 576 Quam·

325 603 414 656 obrem
426 601 528 654 Airicee
539 601 674 670 regiones,
691 605 716 652 et
731 599 764 653 ad
780 599 913 654 meridiem
925 600 989 652 sitas
1001 615 1059 653 cum
1073 599 1193 653 Asiaticis
1205 605 1231 653 et
1247 599 1417 652 orientalibus
1427 613 1477 668 per·

323 687 438 740 miscuit.
458 685 516 738 Nisi
526 683 592 738 torte
604 685 774 749 Auxumitas,
791 684 1009 755 quemadmodum
1023 691 1050 738 st
1060 685 1219 749 Homeritas,
1235 684 1263 738 in
1273 683 1371 738 Arabia
1381 699 1477 754 quoque

324 771 488 825 collocandos
500 771 629 841 quispiam
640 775 725 840 putet,
738 770 807 824 unde
818 771 845 823 in
857 769 1019 841 Aethiopiam
1030 771 1226 824 transiretarlut.
1261 768 1329 822 Nem
1345 775 1371 822 et
1381 769 1478 822 Aethio·

324 873 370 928 pas
383 861 486 910 constet
497 857 530 910 ab
543 856 671 909 hrabtbus
684 861 854 927 propagatos,
871 855 949 926 idque
961 857 1002 910 vel
1018 856 1157 926 appellatio
1173 857 1231 926 ipsa
1245 855 1347 926 probat.
1381 853 1478 908 &enim

325 939 467 1010 ’ldeennoh
483 941 552 1012 quod
568 957 664 994 nomen
674 940 814 1012 Aethiopes
825 940 902 994 hodie
913 941 964 994 sibi
974 941 1125 1005 vendicant,
1141 941 1168 993 in
1180 941 1277 994 Arabia
1293 939 1402 993 turiiers
1415 937 1477 1009 apud

324 1025 486 1097 Stephanum
503 1027 582 1097 positi
598 1033 667 1081 sunt.
703 1026 767 1079 Vide
785 1043 852 1097 quae
869 1025 986 1096 Scaliger
1008 1026 1040 1079 ad
1057 1025 1214 1096 Oomputunr
1229 1023 1348 1096 Aethiop.
1366 1025 1478 1078 obeemt

323 1112 369 1165 lib.
377 1131 423 1166 sn.
435 1112 467 1164 de
477 1111 586 1165 Emend.
598 1111 688 1182 Temp.

392 1197 438 1248 liet
450 1196 558 1266 Βούγεαν
571 1195 611 1247 nnl
622 1195 717 1264 Athen]
741 1195 860 1266 Bngeam
871 1213 1002 1268 nusquam
1013 1197 1075 1250 alibi
1086 1197 1193 1268 reperio.
1221 1195 1279 1249 Nisi
1290 1195 1360 1266 quod
1370 1193 1477 1249 listhsrb

325 1299 441 1352 capum,
454 1283 477 1334 6.
487 1283 569 1336 Amen
580 1281 704 1351 Bugaeue
717 1281 869 1352 appellatur.
896 1281 947 1336 Sed
956 1300 1003 1354 pro
1013 1280 1271 1353 ΒαυγαῖοςἈγαγαῖος
1280 1280 1385 1352 quidam
1393 1279 1478 1334 recn-

325 1369 398 1433 buut,
410 1385 463 1422 nou
471 1372 549 1422 recte.
561 1366 651 1420 Potest
659 1367 729 1420 enim
736 1368 822 1437 ignoti
830 1367 965 1422 cniusdam
976 1369 1027 1421 loci
1037 1383 1133 1421 nomeu
1143 1383 1209 1432 esse,
1218 1365 1477 1437 etquideminSyrie

324 1452 391 1507 Nam
400 1453 469 1525 quod
478 1452 586 1506 Macedo
598 1451 714 1506 eiusdem
721 1453 781 1506 libri
789 1469 846 1524 cap.
851 1471 904 1508 ιη.
914 1469 979 1506 eom.
985 1452 1009 1506 8.
1019 1454 1103 1506 Arnen
1113 1469 1170 1506 osee
1178 1452 1279 1518 dicitur,
1290 1451 1432 1506 haudrana
1439 1467 1477 1503 eu·

323 1540 400 1610 spitio
412 1545 463 1604 eet,
474 1539 641 1608 interpretem
652 1537 791 1603 Graecum,
804 1539 849 1608 qui
860 1539 909 1592 snb
922 1539 1070 1592 Ptolomaeo
1082 1553 1145 1609 rege
1157 1537 1283 1592 Graecam
1295 1537 1477 1607 interpretatis

322 1624 476 1691 uemedidit,
485 1623 1086 1694 Macedoniscomengenereiiusueurpaeeepro
1095 1623 1240 1694 peregrino,
1249 1621 1477 1694 etEuropaeo,huc

323 1717 363 1764 est
374 1711 407 1763 ab
419 1709 560 1780 Europaeis
573 1709 695 1773 oriundo,
712 1709 758 1779 qui
773 1709 801 1762 in
818 1708 896 1778 Syrie
906 1709 1020 1780 Asiaque
1035 1708 1226 1773 consedissent,
1243 1725 1304 1762 cum
1320 1709 1354 1762 ab
1365 1707 1477 1762 deletitia

212 1787 217 1793 ’
325 1795 418 1850 Greeci
433 1801 490 1848 tum
506 1811 597 1848 omnes
609 1794 765 1848 Macedones
776 1799 939 1860 vocarentur,
955 1795 994 1848 uti
1005 1793 1144 1848 Christiani
1160 1793 1278 1848 aTuroie
1289 1793 1371 1864 vulgo
1383 1792 1477 1854 anci,

323 1881 501 1935 ldahnmetsni
513 1896 529 1932 a
539 1880 637 1933 noscis
649 1879 748 1932 Tuscae
758 1880 934 1934 nominentur.
966 1879 1050 1945 Quam
1061 1881 1235 1934 coniecturam
1245 1878 1345 1933 indicet
1354 1877 1477 1932 Serrarius

323 1971 420 2020 noster.
453 1964 508 2018 lam
520 1965 598 2030 Liba,
614 1971 739 2034 quantum
752 1981 786 2018 ex
797 1963 955 2036 geographis
967 1966 1056 2036 colligi
1067 1970 1165 2035 potest,
1179 1966 1252 2018 nahe
1266 1965 1294 2018 iu
1312 1964 1418 2018 orientis
1431 1963 1476 2015 isto

323 2057 408 2104 tractu
423 2051 556 2120 reperitur.
591 2049 647 2103 Nisi
660 2050 730 2120 qnod
743 2050 812 2122 epud
827 2049 918 2120 Polyb.
929 2051 974 2104 lib.
982 2069 1008 2104 r.
1019 2051 1224 2121 Mesopotamiae
1235 2049 1361 2120 oppidum
1372 2049 1426 2102 eiua
1436 2063 1477 2100 no·

323 2137 402 2190 minis
414 2141 461 2188 est
484 2135 536 2188 Sed
544 2135 658 2204 regionis
671 2152 724 2188 non
736 2135 824 2205 oppidi
834 2133 883 2190 hoc
894 2137 952 2190 loco
964 2151 1021 2189 esse
1032 2137 1136 2207 proprie
1146 2136 1247 2188 ridetur
1258 2134 1405 2206 appellatio.

392 2217 545 2290 Minentur]
567 2218 678 2283 Quinem
689 2221 743 2274 sint
752 2219 891 2292 liegardes
904 2227 1031 2291 quaerent
1041 2221 1136 2291 quibus
1147 2221 1230 2274 otium
1241 2226 1294 2284 est,
1311 2225 1338 2274 et
1351 2226 1437 2274 utrum
1448 2217 1476 2272 ll-

324 2307 398 2376 lyrici
409 2305 609 2375 Pannoniaequo
620 2306 709 2377 populi
720 2306 781 2359 siut.
815 2305 883 2359 Nam
899 2311 926 2359 et
936 2307 1057 2376 Magares
1068 2307 1169 2360 Torone
1179 2307 1279 2377 passim
1289 2305 1428 2376 ilungaros
1437 2319 1477 2356 ro

325 2396 399 2456 cant,
416 2395 444 2444 et
461 2390 616 2461 μαγαρισμὶις
632 2407 649 2442 e
666 2389 771 2444 Graecis
783 2393 863 2462 vulgo
875 2391 1053 2462 anprsrcpbc
1071 2392 1224 2463 appelletur.
1258 2390 1310 2444 Sed
1326 2390 1390 2444 haec
1405 2391 1476 2458 longe

324 2476 462 2548 Epiphanii
478 2476 639 2546 temporibus
656 2476 801 2530 recentiore
816 2477 927 2532 tortasse
949 2495 1002 2532 uon
1019 2483 1175 2548 congruunt.
1207 2475 1389 2542 Quaerendum
1404 2475 1478 2545 igitar

324 2564 445 2634 emplius.

393 2648 441 2716 Τῆς
450 2665 476 2700 τε
485 2646 535 2700 τὼν
545 2641 685 2714 helmon]
702 2645 761 2701 Non
772 2649 853 2714 male,
865 2655 895 2703 ut
906 2650 1005 2720 opinor,
1014 2649 1115 2702 listron
1127 2663 1174 2719 pro
1183 2647 1303 2700 Σκόπτων
1311 2647 1475 2718 reposuimus.

323 2734 396 2788 Sonti
406 2735 440 2788 ab
452 2734 573 2804 liispsnle
585 2738 671 2786 crtum
682 2731 835 2787 habuerunt
852 2735 887 2787 At
897 2735 990 2788 Franci
999 2733 1137 2806 Epiphanii
1146 2739 1263 2804 tempore
1273 2749 1354 2805 prope
1364 2732 1476 2786 Rhenum

323 2821 391 2873 circe
400 2818 509 2873 Frisium
521 2824 548 2872 et
558 2817 695 2872 Betariem
705 2817 867 2873 habitabant

390 2903 421 2960 N.
433 2922 530 2959 cxxxv.
553 2903 599 2956 Καὶ
611 2901 666 2955 καθ’
677 2901 780 2970 &torpe
791 2903 903 2976 ἡμέραι]
937 2905 1004 2960 lllud
1016 2905 1077 2966 leot
1093 2921 1146 2959 non
1162 2902 1317 2974 &supersedet
1333 2904 1400 2958 euml
1410 2905 1476 2974 puto,

323 2989 369 3044 aad
384 2989 453 3044 idem
469 3005 526 3042 esse
543 2995 620 3059 etque
637 2989 788 3060 sequeliten
823 2989 898 3054 Quod
912 2992 950 3044 ait
965 2989 1020 3043 καθ’
1032 2989 1135 3057 ἑκάστην
1146 2988 1239 3062 ἡμέραν
1250 2990 1369 3044 lucernas
1381 2987 1474 3048 mim

324 3075 356 3127 de
373 3079 461 3140 nocte,
479 3089 545 3144 ques
562 3073 714 3144 νυχθημέροο
730 3091 790 3146 pars
806 3079 858 3141 eet,
875 3075 984 3130 dubium
1001 3081 1042 3130 eet
1057 3077 1165 3130 nullum.
1199 3075 1253 3128 Sed
1270 3079 1357 3130 utrum
1371 3069 1474 3127 interdiu

324 3175 428 3230 qaoque
442 3160 557 3212 luxerint
572 3175 624 3214 nou
641 3160 705 3213 odeo
721 3165 832 3216 constat.
864 3161 983 3231 Lyranus
1001 3167 1027 3215 et
1041 3161 1181 3216 douleusis
1198 3159 1231 3214 ed
1242 3160 1287 3216 lib.
1297 3179 1316 3214 1.
1328 3160 1391 3230 ling.
1402 3161 1474 3212 nom

324 3243 419 3314 diuque
429 3244 526 3315 pariter
536 3246 632 3302 arsisse
643 3245 771 3310 scribunt,
787 3221 929 3301 edicens
940 3248 1041 3318 plures,
1057 3247 1089 3301 de
1105 3246 1147 3300 die
1161 3247 1309 3317 pauciores,
1325 3244 1375 3299 hoo
1386 3249 1434 3308 en,
1447 3247 1474 3294 ut

324 3327 448 3398 Iosephus
460 3329 654 3386 asseritlib.u1.
667 3346 723 3402 cep.
734 3349 769 3385 rx.
781 3337 901 3402 quatuor.
918 3331 1034 3395 Quorum
1043 3332 1129 3403 opinio
1141 3331 1280 3385 autoritate
1288 3329 1433 3402 scriptume
1439 3327 1473 3380 ni·

323 3415 393 3467 titur.
428 3413 457 3468 Si
473 3415 577 3484 quidem
591 3415 677 3468 Exodi
686 3435 749 3471 m.
761 3432 827 3472 com.
837 3416 863 3472 8.
875 3423 929 3470 um
944 3433 1022 3471 mene
1038 3417 1159 3488 componi
1173 3416 1296 3470 lucernae
1307 3431 1387 3488 quem
1397 3414 1473 3468 sors

324 3515 429 3570 sperum
439 3499 560 3554 collocari
572 3499 699 3554 dicuntur.
728 3501 838 3562 ando
850 3513 978 3573 componet
988 3505 1120 3566 lucernae,
1134 3503 1252 3556 incendet
1260 3503 1337 3566 stud,
1350 3512 1375 3554 et
1384 3499 1473 3571 pende

323 3585 459 3638 colbrcttt
469 3603 513 3637 ees
525 3588 700 3654 advesperante
712 3595 758 3640 etc.
771 3587 840 3658 quod
851 3587 962 3658 intelligi
973 3605 1026 3642 non
1035 3592 1135 3658 potest,
1152 3588 1293 3658 eirespere
1304 3585 1429 3640 duntaxat
1438 3599 1473 3636 ec-

322 3669 399 3724 csndi
414 3671 533 3724 lucernas
550 3671 631 3724 moris
647 3670 734 3725 tuerit.
755 3672 854 3726 Verum
869 3679 949 3727 noctu
966 3673 1095 3727 duntaxet
1110 3673 1209 3726 luxisse
1226 3673 1363 3743 perspicue
1380 3671 1474 3725 deenen

322 3755 408 3810 Exodi
419 3773 492 3808 xxvi.
502 3771 568 3809 com.
578 3755 628 3822 21,
640 3756 686 3810 ubi
697 3756 729 3810 de
739 3758 847 3811 lucerna
856 3758 894 3811 ite
904 3760 1100 3830 praescribitur=
1113 3757 1149 3812 Et
1157 3759 1317 3811 collocabunt
1327 3775 1384 3810 enne
1393 3758 1474 3808 Aaron

322 3843 406 3912 ctfib's‘
416 3845 480 3904 cina,
497 3849 527 3892 set
540 3859 616 3910 espec
632 3831 705 3894 reone
717 3844 804 3896 luceat
813 3861 902 3896 corano
914 3845 1028 3898 morino.-
1045 3861 1106 3899 axx.
1120 3839 1162 3912 ἀφ’
1174 3839 1276 3913 ίσπίρας
1288 3841 1334 3903 [ως
1347 3835 1420 3914 repul.
1440 3839 1474 3893 lt-

322 3928 410 3998 ipaum
425 3927 580 3983 atoxlih.1.
592 3927 657 3997 ling.
670 3943 726 3998 cap.
735 3946 774 3983 ιιι.
788 3943 855 3983 com.
866 3928 890 3982 3.
903 3929 1044 3984 deducitur.
1072 3929 1193 3981 Mcerno
1206 3930 1249 3981 dei
1260 3937 1395 3998 catepanus
1405 3929 1474 3980 sctis·

322 4023 449 4081 queretur,
460 4012 555 4082 inquit,
566 4012 671 4065 Samuel
681 4014 858 4066 dormiebatis·
870 4015 960 4084 tempto
972 4016 1079 4078 domini,
1094 4015 1139 4066 nbi
1149 4020 1207 4066 ernt
1217 4031 1284 4066 erco
1297 4015 1347 4065 dei.
1383 4011 1430 4076 Qui
1443 4011 1474 4063 lo

323 4112 369 4151 cue
381 4098 444 4152 olim
455 4098 483 4150 in
494 4097 592 4151 Latinis
604 4097 735 4151 codicibus
752 4098 876 4152 mendose
891 4099 1026 4169 legebatur
1040 4097 1090 4152 hoo
1105 4099 1196 4153 modos
1218 4097 1276 4152 Neo
1284 4097 1474 4168 mereim

323 4182 451 4236 homnem
461 4185 503 4236 nes
511 4191 645 4252 antequam
653 4187 847 4250 atingnmtnr,
859 4184 983 4238 adversus
994 4189 1021 4238 et
1028 4184 1182 4238 Hebraioam
1188 4183 1282 4248 fidem,
1294 4181 1474 4237 etGraecorm

322 4267 567 4337 interpretationem.
601 4267 675 4331 Quod
695 4268 787 4321 vitium
805 4269 868 4322 clim
884 4270 938 4323 ism
954 4269 1126 4324 subodoratus
1144 4274 1200 4323 eret
1215 4267 1335 4338 hyrenes
1353 4275 1379 4322 et
1394 4283 1410 4321 a
1424 4265 1472 4319 tile

322 4357 410 4405 mente
425 4353 547 4422 pontifice
559 4353 703 4407 norissima
712 4353 861 4408 recensione
873 4355 1006 4408 subletum
1018 4359 1065 4410 est.
1086 4355 1171 4420 Quare
1181 4353 1279 4408 irustra
1289 4353 1386 4408 Bibere
1394 4355 1473 4406 nostor

322 4435 441 4490 Abacuc
452 4436 490 4488 its
502 4438 633 4492 obsoletos
641 4437 701 4492 huic
712 4439 818 4492 lectioni
828 4441 1013 4509 patrocinetur,
1025 4441 1102 4512 quari
1113 4447 1127 4502 Ἰ
1140 4439 1317 4511 copuletivum
1327 4438 1356 4492 in
1366 4437 1472 4492 llebraee

322 4518 462 4572 retundens
481 4520 517 4571 Et
532 4539 581 4572 non
589 4533 693 4591 poterut
703 4525 802 4588 nidere,
820 4533 846 4576 et
856 4527 985 4578 lucernum
997 4527 1046 4578 des.
1073 4525 1125 4580 Sel
1141 4539 1187 4579 toa
1204 4523 1404 4580 somnone·
1419 4525 1472 4574 snb
