3126 5046
1167 303 1265 405 ‘CCIX

179 452 231 510 seo
249 453 282 510 ad
301 460 417 510 rourum
432 459 534 528 panum
551 455 699 510 testimonia
715 473 745 510 aa
762 456 863 527 priscae
878 457 948 512 iilius
966 457 1086 512 ecciesiae
1102 475 1222 514 normam
1239 464 1265 514 et
1289 479 1310 520 p.
1319 466 1363 512 aaa.

105 555 277 594 comunem
287 539 352 594 adeo
364 557 471 594 sensum
482 541 598 596 animum
610 541 740 594 adiicieuti
752 542 816 596 miti
831 559 921 612 parum
937 544 1071 598 commode
1086 547 1207 616 pleraque
1219 562 1264 600 ex·

104 625 208 696 plicata
218 625 345 680 ridentur.
380 624 482 680 Etenim
499 626 523 679 si
538 627 687 696 graviorum
699 626 849 682 delictorum
862 629 959 682 conscii
970 630 1032 682 citra
1043 631 1173 700 publicam
1185 632 1264 698 iliam,

106 726 191 780 quam
206 717 284 765 antea
299 711 485 782 suscepissent,
502 711 686 781 poenitentiam
704 729 835 783 emergere
856 720 882 766 et
896 714 928 766 ad
945 715 1152 770 communionem
1164 732 1265 786 pacem·

106 811 161 866 que
178 797 273 850 reveni
289 796 394 850 alterius
412 811 442 849 ac
455 797 569 867 priuatae
581 796 706 850 beneficio
719 799 860 868 potuerint,
872 817 958 854 nonno
970 801 1061 854 melior
1072 801 1174 854 illorum
1186 817 1265 871 qoam

106 886 272 936 caeterorum
288 881 401 936 conditio
413 881 475 946 luit,
493 882 587 951 quibus
605 883 661 936 sine
677 883 782 953 publica
797 885 956 954 poenitentia
972 885 1068 940 reditus
1085 887 1111 940 in
1130 887 1265 940 ecclesiam

105 983 163 1020 non
179 968 281 1037 patuit?
314 967 394 1037 Atqui
410 983 487 1020 nomo
502 974 557 1020 tam
567 983 657 1022 uecors
675 969 734 1034 crit,
751 970 795 1039 qui
811 967 948 1022 humanius
960 986 1020 1024 cum
1031 971 1083 1024 iilis
1095 977 1181 1026 actum
1194 977 1266 1042 putet

107 1052 155 1122 qui
166 1051 195 1106 in
206 1051 296 1106 eadam
307 1053 411 1122 saepius
426 1052 607 1119 incurrissent,
624 1059 650 1106 et
666 1053 769 1123 quidem
786 1053 913 1108 horrende
929 1054 1041 1126 flagitia,
1058 1073 1135 1126 qnam
1152 1073 1212 1110 oum
1228 1057 1265 1110 eis

106 1137 156 1208 qui
166 1139 248 1192 moral
260 1154 291 1190 aa
302 1138 504 1203 commisissent;
520 1138 589 1209 quod
605 1156 638 1192 cx
651 1139 695 1192 illa
706 1139 825 1210 opinione
838 1142 1008 1210 consequitur.
1043 1140 1194 1196 Cuiusmodi
1205 1158 1265 1196 varo

105 1221 180 1276 istud
196 1228 247 1286 ast,
265 1223 336 1276 uelut
352 1224 450 1294 gratiae
468 1239 498 1277 ac
515 1223 635 1278 beneficii
651 1224 707 1278 loco
719 1225 849 1294 publicam
861 1225 932 1279 illam
944 1227 1128 1296 poenitentium
1140 1228 1223 1298 spisse
1234 1242 1265 1281 ao

106 1307 249 1361 difficiliter
259 1307 403 1362 indultam?
434 1307 501 1362 Nam
513 1309 537 1362 si
547 1309 647 1380 priuata
658 1316 684 1362 et
695 1310 797 1363 occulta
814 1310 919 1382 defungi
935 1319 1041 1381 possent
1056 1319 1082 1366 et
1092 1314 1119 1366 iu
1132 1313 1222 1367 eodem
1234 1329 1265 1367 ac

106 1394 205 1446 caeteri
215 1393 272 1447 loco
284 1409 353 1460 esse,
371 1395 429 1464 quis
445 1411 498 1447 non
510 1401 582 1448 tanto
594 1395 769 1450 molestiarum
781 1411 811 1448 ac
823 1396 946 1466 temporis
957 1398 1109 1468 compendio
1125 1399 1213 1452 mallet
1228 1399 1266 1452 uti

105 1477 326 1550 cupidissimeqne
338 1495 378 1543 se,
390 1479 494 1550 publica
505 1480 551 1532 illa
562 1486 721 1552 contempta,
737 1480 769 1534 ad
781 1481 981 1535 commodiorem
993 1483 1100 1536 alteram
1112 1483 1266 1538 breviorem·

105 1579 160 1634 qne
169 1563 337 1618 mandarunt?
354 1564 419 1618 Volo
432 1565 500 1618 enim
512 1565 575 1618 illud
588 1564 650 1618 milui
661 1565 826 1636 respoudeat:
839 1565 889 1630 Qui
901 1568 1033 1620 atrocioris
1045 1570 1136 1638 culpae
1148 1569 1266 1624 conscius

105 1655 165 1702 tum
177 1649 289 1719 primum
301 1650 335 1705 ad
344 1650 530 1721 poenitentiam
541 1651 686 1713 accederet,
702 1657 788 1704 utrum
804 1651 903 1720 absque
917 1653 1021 1722 publica
1032 1670 1076 1722 per
1088 1654 1214 1723 privatam
1226 1670 1265 1707 ra·

105 1733 182 1788 stimi
193 1735 313 1805 potuerit,
326 1751 359 1788 an
371 1736 517 1789 necessario
530 1731 678 1806 usurpanda
686 1735 731 1788 illa
742 1735 827 1790 luerit.
846 1735 875 1789 Si
886 1737 957 1806 prius
970 1737 1090 1800 dixerint,
1102 1739 1132 1804 si,
1149 1740 1264 1809 inquam,

104 1821 283 1895 necesarium
293 1820 344 1873 illis
355 1820 487 1891 publicem
498 1821 682 1892 poenitentiam
697 1821 862 1891 negaverint,
878 1822 1038 1892 antiquitatis
1049 1824 1128 1876 totius
1139 1825 1266 1878 memoria

104 1911 174 1958 teste
184 1905 341 1961 relassantur.
365 1904 498 1974 Siquidem
510 1911 597 1959 vetera
608 1909 695 1959 omnia
706 1907 814 1960 concilia
825 1924 966 1978 omnesque
982 1924 1110 1962 canonum
1123 1908 1265 1964 conditores

104 1989 145 2043 ita
155 1991 288 2062 publicam
299 1991 379 2061 lapsis
390 1991 577 2062 poenitentiam
593 1991 772 2062 praescribunt
786 2007 817 2045 ac
827 1997 930 2064 tempus
941 1994 1120 2064 rationemque
1131 1994 1264 2060 deliniunt,

105 2077 146 2130 ita
161 2093 238 2147 porro
253 2077 442 2141 Tertullianus,
460 2074 617 2147 Cyprianus,
634 2077 774 2143 Pacianus,
791 2078 890 2147 antiqui
907 2077 940 2132 ad
958 2095 1038 2132 unum
1055 2096 1145 2132 omnes
1161 2077 1265 2134 eosdem

104 2162 167 2216 illos
178 2159 319 2228 hunaudo,
330 2161 525 2227 comminando,
538 2162 699 2233 obiurgando
708 2163 750 2216 vel
760 2162 855 2216 inritos
870 2169 964 2232 urgent
981 2170 1007 2218 et
1017 2165 1165 2235 impellunt,
1178 2172 1207 2218 ut
1217 2166 1265 2218 mi·

106 2247 181 2301 nime
191 2245 241 2301 hoc
252 2247 304 2301 illle
316 2247 446 2318 integrum
457 2245 538 2300 fuisse
549 2247 705 2317 significent.
733 2247 824 2302 Restat
833 2247 921 2318 igitur,
932 2249 1003 2302 nullo
1016 2256 1045 2304 ut
1055 2251 1118 2314 alio,
1130 2265 1160 2304 ac
1171 2267 1204 2303 ne
1215 2249 1265 2320 pri·

105 2339 186 2386 ratae
203 2332 307 2404 quidem
323 2333 497 2404 poenitentiae
515 2333 630 2386 subsidio
647 2333 728 2404 recipi
743 2334 771 2386 in
788 2335 997 2388 commonionem
1013 2336 1135 2388 ecclesiae
1151 2335 1266 2406 potuisse

106 2417 260 2472 concedant.
278 2417 350 2482 Quod
363 2434 422 2472 cum
431 2417 558 2482 dederint,
571 2425 627 2472 tum
639 2419 670 2472 dc
681 2419 732 2472 illis
745 2419 805 2490 qnid
817 2421 931 2474 sentiant
942 2420 1084 2490 requiram,
1097 2422 1142 2490 qui
1153 2419 1265 2475 secundo

106 2504 137 2558 in
147 2503 386 2574 grauiorapaccata
396 2503 465 2574 lapsi
475 2503 579 2574 publica
594 2503 632 2557 uti
648 2505 807 2574 poenitentia
820 2523 872 2559 nou
888 2511 1020 2576 poterent,
1037 2506 1129 2576 ecquid
1146 2523 1190 2560 eos
1206 2523 1264 2560 cen·

106 2595 185 2642 scant
194 2606 241 2659 per
251 2589 379 2660 priuatam
389 2588 575 2660 poeniteutiam
588 2590 749 2642 reconciliari
764 2591 897 2660 potuisse?
931 2589 997 2644 Nam
1014 2592 1038 2644 si
1053 2591 1122 2647 istud
1140 2598 1264 2658 asserant,

107 2690 216 2728 neceam
228 2674 277 2727 crit
288 2691 340 2728 uua
350 2673 481 2728 fateantur
491 2673 632 2728 {eliciorem
643 2675 725 2728 multo
738 2675 909 2728 conditionem
923 2691 1013 2728 corum
1024 2676 1141 2728 extitisse
1154 2677 1197 2745 qui
1209 2693 1264 2730 sae·

106 2761 169 2832 pina
181 2776 261 2830 quam
272 2776 362 2814 eorum
370 2759 416 2832 qui
427 2759 508 2813 semel
518 2760 546 2813 in
554 2759 608 2812 rita
620 2757 794 2829 deliquissent
813 2758 886 2822 Quod
895 2760 989 2829 quibus
999 2759 1102 2814 tandem
1110 2761 1264 2831 persuadere

106 2849 248 2917 poterunt?

178 2931 244 2985 Cum
254 2929 296 2986 hic
313 2931 348 2984 sit
359 2930 517 3002 quaestionis
533 2929 772 2999 conncvcrsicsqus
788 2935 885 2996 status,
902 2945 1031 3000 exponam
1049 2929 1159 2984 breviter
1175 2947 1264 3001 quem·

108 3017 250 3072 admodum
260 3033 302 3070 res
313 3021 386 3070 unm
398 3017 504 3070 dissolri
514 3032 572 3069 meo
584 3015 678 3068 iudicio
695 3016 870 3086 explicarique
886 3016 975 3086 possit
1009 3015 1136 3086 Principio
1148 3023 1263 3087 peccato-

106 3120 167 3156 rum
178 3101 248 3174 epod
259 3103 380 3173 antiquos
391 3101 495 3156 inuenio
506 3116 604 3171 genera
614 3101 696 3154 luisse
708 3100 770 3166 duo,
787 3101 838 3154 alie
853 3103 983 3166 nonnis,
999 3101 1053 3154 siae
1065 3102 1187 3173 capitalia
1198 3103 1264 3156 dice·

107 3189 219 3258 bantur3
230 3205 284 3242 non
295 3193 324 3240 ut
335 3203 383 3242 nus
395 3187 540 3257 intelligere
549 3186 628 3256 vulgo
640 3187 754 3240 solemus
767 3203 934 3258 quaecunque
943 3187 984 3241 dei
995 3205 1042 3241 nus
1055 3187 1139 3258 gratia
1150 3204 1180 3242 ac
1191 3189 1264 3258 spiri·

108 3275 205 3328 uibus
228 3273 341 3326 caritatis
358 3271 517 3326 ornamentis
535 3272 660 3342 spoliant,
680 3273 725 3326 scd
741 3271 817 3326 huius
833 3273 936 3343 generis
953 3279 1022 3326 certa
1039 3273 1178 3338 duntaxat,
1199 3289 1264 3344 quae

109 3375 169 3412 curn
180 3359 303 3429 graricm
317 3358 425 3412 caeteris
442 3363 542 3422 essent,
557 3363 614 3412 tum
625 3357 767 3410 canonibus
779 3373 810 3410 ac
822 3357 980 3426 synodorum
992 3357 1100 3412 decretis
1111 3359 1264 3413 nominatim

108 3459 242 3514 expressa
274 3443 344 3498 Haec
354 3445 475 3514 inquam,
491 3443 612 3514 capitalia
623 3442 804 3508 nominabant,
817 3443 909 3514 quibus
921 3457 1019 3513 poenae
1031 3460 1047 3496 a
1058 3443 1200 3497 canonibus
1211 3445 1264 3498 sin-

109 3529 221 3602 gillatim
234 3531 388 3600 propositae.
411 3527 500 3600 Neque
512 3529 581 3584 euim
592 3528 768 3581 vetustissime
779 3527 823 3580 illa
834 3534 950 3598 tempora
960 3545 1107 3598 persequor,
1123 3529 1216 3598 quibus
1234 3545 1265 3582 ea

110 3614 240 3670 duntaxat
255 3615 376 3687 capitalia
392 3616 550 3669 vocabantur
570 3631 636 3686 qnae
653 3613 686 3667 ab
704 3613 774 3666 omui
790 3629 835 3683 spe
853 3613 1042 3666 communionis
1059 3620 1211 3678 arcerentur,
1232 3613 1263 3667 de

111 3701 205 3772 quibus
216 3717 251 3754 ex
261 3699 373 3754 Paciano
384 3700 493 3770 aliisque
504 3716 583 3771 supra
594 3699 716 3752 diximus.
749 3698 809 3750 Alia
819 3713 880 3752 uero
891 3699 987 3752 leviora
1000 3706 1025 3751 et
1036 3699 1185 3769 quotidiana
1196 3698 1263 3752 dice·

110 3787 213 3852 bantur,
224 3786 280 3838 sira
291 3801 357 3856 quac
367 3802 417 3839 nos
428 3786 540 3839 venialia
550 3800 743 3856 nuncupamus,
755 3783 809 3836 sive
820 3784 917 3854 alioqui
928 3784 1057 3848 mortalia,
1070 3783 1115 3836 sed
1127 3782 1157 3836 de
1169 3783 1261 3853 quibus

109 3873 183 3925 nulia
193 3871 346 3925 nominatim
359 3876 460 3924 extaret
470 3871 497 3924 iu
509 3871 677 3924 conciliorum
689 3869 796 3924 decretis
808 3869 914 3924 mentio.
936 3868 1016 3932 Quale
1027 3869 1098 3922 uerbi
1109 3868 1193 3940 matie
1203 3884 1261 3921 esse

109 3961 197 4027 potest
210 3956 326 4027 asperius
341 3956 370 4010 iu
388 3972 535 4026 quenquam
552 3955 730 4018 maledictum,
750 3953 969 4019 antemusium,
989 3953 1140 4024 periurium,
1160 3953 1262 4024 aliaque

110 4048 242 4107 sexcenta,
254 4057 319 4114 quaa
332 4058 480 4113 quanquam
492 4041 580 4095 letalia
591 4041 650 4105 sint,
662 4039 749 4092 nullae
760 4047 846 4092 minen
857 4039 889 4091 iis
900 4054 916 4090 a
927 4039 1068 4092 canonibus
1080 4047 1152 4092 erant
1163 4054 1261 4108 poenae

110 4129 275 4182 constitutas.
308 4127 428 4181 Declarat
438 4125 487 4180 hoc
499 4125 624 4196 Origenes
635 4127 692 4178 loco
705 4131 765 4176 ante
777 4125 853 4177 citato
864 4124 950 4176 verbis
967 4123 1031 4176 istis,
1064 4122 1094 4176 Si
1105 4142 1159 4186 cor,
1171 4123 1261 4193 inquit,
1286 4149 1308 4192 p,
1316 4138 1360 4185 m,

110 4215 200 4283 aliqua
211 4214 288 4282 cuipru
298 4214 414 4266 mortalia
424 4216 558 4274 invenerit,
576 4229 640 4280 quac
656 4228 704 4261 nun
720 4213 747 4261 in
759 4213 863 4262 crimine
874 4210 986 4272 mortali,
1003 4226 1051 4260 nors
1067 4213 1094 4259 s'n
1106 4207 1261 4278 blasphemio

103 4299 182 4368 fidei,
194 4315 258 4368 quos
269 4315 339 4351 sauro
350 4299 519 4351 ecclesiastici
530 4305 554 4348 ct
565 4296 699 4367 apostotici
710 4295 835 4363 dogmatis
846 4297 931 4348 cincta
943 4303 991 4357 ert,
1002 4295 1048 4346 scd
1057 4295 1134 4346 celin
1144 4298 1261 4348 emoni-

110 4383 169 4446 δυο,
180 4385 222 4436 ccl
231 4387 258 4436 in
269 4401 363 4437 morena
374 4387 435 4436 nitio
448 4384 581 4445 conduct,
593 4380 640 4432 doc
653 4389 690 4432 cst
699 4381 840 4432 uendidisse
852 4381 958 4443 domum,
974 4397 1038 4449 quac
1048 4383 1075 4431 in
1087 4397 1150 4448 apro
1162 4389 1209 4444 cst,
1221 4381 1263 4433 cel

110 4471 140 4520 in
150 4473 219 4534 uico,
232 4472 275 4520 cui
284 4485 370 4522 sauma
381 4487 430 4522 nou
441 4477 485 4523 cat.
516 4465 591 4518 Haec
603 4483 662 4532 erpo
673 4467 783 4518 venditio
795 4464 935 4518 huiusmodi
947 4466 1022 4534 cupra
1033 4482 1129 4536 semper
1139 4469 1262 4536 reparari

106 4561 202 4624 potest,
218 4571 263 4606 uec
280 4555 417 4623 aliquando
434 4554 480 4606 tibi
491 4553 652 4604 interdicitur
668 4551 699 4602 de
711 4554 845 4603 conscissis
856 4549 1025 4604 huiuscemodi
1030 4555 1208 4623 poenitentium
1217 4567 1260 4619 pc·

165 4655 408 4708 ceremonensem.
1041 4651 1062 4705 0
