3126 5046
292 273 453 332 onmis

290 430 464 502 poenitentioe
475 429 635 500 provinciam
645 431 717 484 uelut
727 430 860 501 proprium
870 447 902 484 ec
912 431 1071 500 peculiarem
1085 429 1248 499 sumpsisset
1265 426 1350 492 Nihil,
1361 427 1460 497 opiner.

290 515 340 568 hae
351 520 441 568 nostm
452 516 601 570 oonieotnre
615 515 682 585 fingi
698 515 859 586 probabilius
875 521 971 586 petest.
1005 515 1080 573 Nunc
1095 519 1127 567 ut
1140 511 1279 583 lipipheuli
1290 517 1459 582 veterumque

291 601 322 654 de
338 601 421 656 tribus
437 599 604 670 pescbetibus
621 601 709 671 opinio
725 601 811 670 megin
828 602 980 666 illustretur,
998 601 1105 656 brevem
1120 599 1287 668 evengelista
1303 597 1460 654 metieris

169 717 174 726 ·
291 687 384 742 seriem
396 687 430 740 ed
441 687 546 740 illorum
557 687 693 740 menone
704 686 823 757 dirigam

290 891 379 946 EVAN
384 891 603 948 CELISTARUM
615 889 788 946 neustrie
803 891 848 945 AD
863 887 1032 945 EPIPHANII
1047 887 1264 944 SENTENTIAM
1277 881 1459 944 Diuersus

603 975 835 1032 PASCHATIBUS
853 973 1145 1032 ACCOMMCDATUR.

358 1118 421 1172 Post
432 1116 591 1186 baptismum
603 1121 630 1169 et
640 1133 674 1170 ru
687 1115 788 1170 dierum
802 1115 930 1170 ieiunium
945 1131 977 1168 ee
988 1115 1156 1184 contigerunt
1166 1130 1235 1184 quse
1245 1113 1335 1168 leuen.
1345 1131 1365 1168 r.
1378 1113 1461 1184 eapite

291 1207 429 1265 uertentur
441 1201 472 1254 de
484 1202 663 1270 spostolorum
674 1201 818 1256 nooeh'one.
853 1200 916 1254 inde
933 1201 1041 1270 nupu'ee
1055 1200 1084 1254 iu
1096 1199 1168 1254 Cena
1180 1199 1313 1254 Galilaeae
1328 1199 1422 1254 loeus.
1434 1217 1460 1252 u.

291 1305 374 1358 usque
392 1287 425 1340 ed
441 1303 545 1340 comme
563 1286 602 1344 13.
620 1286 723 1356 quando
743 1284 924 1356 Cephernaum
941 1286 1074 1338 eumenis
1090 1284 1285 1355 prolectusest.
1328 1283 1461 1340 Ubi‘cnru

291 1373 381 1443 paucis
397 1373 488 1425 diebus
500 1371 628 1426 haesisset
640 1371 785 1427 Gullleeem
804 1371 880 1435 obiit,
897 1371 985 1440 ibique
1002 1370 1160 1440 praedicarit
1175 1371 1341 1440 evangelium
1353 1369 1417 1424 Luc.
1426 1387 1461 1424 ιι.

292 1474 358 1512 oum.
374 1458 412 1511 14.
444 1456 618 1512 Nererethum
629 1459 717 1528 petiit,
730 1458 775 1510 nbi
786 1455 974 1528 propemodum
986 1471 1003 1508 e
1014 1456 1113 1509 civibus
1126 1455 1226 1510 comeus
1238 1461 1286 1510 est.
1321 1455 1387 1510 Post
1398 1453 1461 1508 mee

292 1543 425 1614 apostolos
438 1543 523 1598 denuo
536 1544 638 1596 voeevit
648 1544 729 1596 Mure.
738 1561 757 1606 r,
771 1542 811 1596 16.
847 1541 995 1612 iterumque
1012 1555 1155 1596 conscensu
1171 1541 1233 1594 nevi
1242 1540 1350 1594 Petrum
1362 1557 1395 1594 ac
1406 1557 1460 1594 ese-

291 1635 360 1682 teros
372 1628 406 1684 ed
417 1645 474 1682 sese
486 1631 620 1698 pertrexit.
645 1628 713 1682 Tum
725 1625 909 1697 Csphrrnaum
919 1628 991 1682 venit
1001 1627 1082 1682 Marc.
1092 1645 1114 1691 r,
1127 1626 1168 1680 21.
1180 1626 1242 1681 Luc.
1251 1643 1287 1690 rr,
1298 1618 1341 1678 31.
1372 1624 1424 1680 Ubi
1433 1627 1460 1679 iu

291 1729 430 1784 synagoge
441 1714 639 1769 deemonieonm
651 1719 731 1768 curet.
767 1712 830 1766 lude
841 1713 910 1766 Petri
922 1729 1025 1766 socrum
1043 1728 1074 1764 sc
1084 1712 1224 1782 leprosum.
1256 1711 1385 1782 Sequitur
1395 1711 1460 1766 rtet

291 1799 360 1854 thasi
372 1801 472 1854 venetio
484 1797 576 1852 bletth.
586 1817 632 1863 rx..
645 1799 725 1853 llere.
736 1816 774 1862 11.‚
787 1798 849 1854 Luc.
860 1817 884 1850 ι.
913 1797 969 1852 Sub
983 1795 1047 1850 hnec
1059 1796 1211 1850 recedentes
1222 1797 1328 1850 Ioennis
1340 1796 1461 1867 discipuli

292 1901 351 1940 oum
363 1884 509 1940 Pharisaeis
521 1885 689 1954 expostulent
700 1901 761 1938 cum
773 1901 804 1938 eo
814 1883 884 1954 quod
892 1884 975 1954 ipsius
985 1883 1104 1954 discipuli
1112 1884 1219 1936 minime
1228 1883 1383 1936 ieiuuerent.
1400 1881 1461 1936 lude

291 1973 404 2042 primum
415 1970 513 2040 pascha
524 1976 584 2040 post
594 1970 756 2040 baptismum
765 1969 856 2024 losnn.
866 1987 896 2022 ιι.
930 1968 1042 2022 Necesse
1058 1974 1099 2022 eet
1110 1969 1180 2026 euim
1191 1968 1281 2022 multis
1292 1972 1373 2022 autes
1384 1969 1461 2022 mne·

249 2090 251 2094 .
292 2057 358 2110 culis
370 2055 446 2108 editis
458 2071 489 2108 ec
500 2055 692 2125 praedicatione
704 2059 797 2126 coepte
809 2054 934 2108 claruisse
946 2054 1093 2118 dominum,
1109 2059 1138 2108 nt
1152 2071 1186 2108 ex
1197 2053 1334 2108 Nicodemi
1344 2054 1461 2106 ereh'one

292 2142 431 2208 colligitur⁴
454 2139 503 2192 Per
514 2140 620 2194 eosdem
632 2138 764 2210 pasohutie
776 2140 832 2194 dies
844 2138 963 2194 Christus
975 2139 1150 2208 negotiatores
1164 2156 1181 2193 s
1196 2137 1294 2209 templo
1310 2139 1461 2192 summovit

292 2226 387 2279 Postea
395 2241 456 2278 vero
468 2242 514 2295 per
526 2231 583 2279 seta
594 2225 696 2280 transiit
706 2224 862 2289 bletth.xrn,
872 2225 989 2288 Marurr,
999 2223 1051 2289 lb,
1062 2225 1165 2289 Luem,
1180 2225 1202 2278 l.
1219 2223 1374 2294 Sequuntur
1385 2229 1461 2293 gesta

293 2309 385 2366 Matth.
393 2327 439 2364 ιιι.
451 2309 484 2362 ed
497 2310 538 2364 21.
552 2327 661 2366 comnis.
678 2310 711 2364 Et
722 2311 848 2366 Mutum.
859 2326 943 2380 usque
954 2310 990 2364 ad
1001 2309 1039 2364 13.
1050 2326 1125 2374 eom,
1137 2309 1240 2365 Luc.vr.
1252 2309 1285 2362 ud
1299 2309 1338 2362 12.
1349 2325 1462 2364 comme.

293 2395 413 2466 Apostoli
430 2395 552 2465 deinceps
569 2396 702 2464 eliguntur
716 2396 797 2448 Marc.
808 2414 845 2450 ιιι.
858 2413 874 2448 e
886 2411 989 2450 comma
1002 2395 1040 2452 13.
1054 2395 1087 2448 ad
1102 2395 1149 2460 19.,
1165 2395 1227 2448 Luc.
1236 2411 1271 2450 vr.
1283 2409 1301 2446 e
1315 2394 1354 2450 12.
1366 2395 1400 2448 ad
1416 2395 1461 2459 lh,

292 2479 384 2535 Metti.
394 2500 420 2536 ι.
432 2486 488 2534 toto
499 2482 591 2550 cupite.
627 2480 722 2538 Postee
739 2482 835 2552 partim
846 2482 874 2536 iu
886 2486 989 2544 monte,
1006 2481 1101 2550 purtim
1116 2481 1144 2534 in
1155 2481 1213 2534 loco
1225 2481 1364 2551 cumpestri
1375 2481 1461 2534 ιιιίοι

293 2583 426 2620 sermones
437 2567 564 2631 instituit;
576 2583 642 2636 qnos
653 2582 752 2636 megna
764 2584 797 2620 ex
808 2573 882 2636 perte
894 2566 1045 2622 Matthaeus
1055 2567 1207 2636 anbeipeeit
1217 2581 1273 2636 esp.
1278 2585 1313 2622 ιι.
1323 2572 1349 2622 et
1360 2565 1461 2620 Lucas.

294 2653 458 2710 Centurionis
474 2651 567 2706 deinde
586 2667 690 2706 servum
708 2669 724 2706 e
740 2653 831 2708 morbo
847 2653 941 2706 liberet
950 2651 1012 2708 buo.
1022 2669 1067 2706 ιιι.
1080 2668 1096 2706 a
1109 2651 1131 2704 l.
1141 2667 1244 2704 comme
1258 2651 1292 2704 ad
1306 2651 1353 2716 10.,
1368 2650 1462 2704 lichit

293 2758 350 2796 ιιιι.
364 2755 380 2792 e
391 2739 416 2793 5.
429 2739 463 2790 ad
477 2738 515 2792 10.
551 2739 620 2792 Tum
630 2737 723 2792 viduae
735 2739 819 2792 filium
837 2737 871 2792 ad
882 2738 1007 2808 oppidum
1018 2737 1096 2790 Neim
1106 2737 1169 2792 Lno.
1178 2755 1224 2792 vn.
1236 2753 1253 2790 e
1264 2753 1368 2790 comme
1377 2737 1417 2790 ts.
1429 2736 1463 2790 ed

245 2863 250 2874 .
296 2824 334 2878 18.
358 2824 428 2878 Inter
443 2823 508 2876 haec
525 2825 637 2878 Ioannes
654 2824 707 2878 ism
722 2825 750 2877 in
767 2810 897 2878 carcerem
913 2825 1011 2878 missus
1027 2823 1167 2893 discipulos
1179 2823 1212 2876 ad
1223 2821 1355 2876 Christum
1366 2824 1463 2892 alleget

293 2909 355 2964 Luc.
367 2930 411 2966 ιιι.
423 2925 439 2964 a
450 2925 553 2964 comma
567 2909 606 2963 18.
620 2909 654 2962 ad
664 2908 715 2973 35„
728 2908 820 2964 bletth.
831 2927 867 2963 ιι.
901 2909 1026 2979 Sequitur
1042 2909 1193 2979 peccatricis
1210 2909 1328 2962 mulieris
1345 2908 1462 2962 officium

294 2995 396 3048 Christo
408 2994 689 3064 praemunirem.
703 3011 805 3048 comme
816 2995 858 3048 37.
894 2995 957 3048 lude
973 2995 1080 3050 domum
1092 2994 1164 3048 veuit
1179 2995 1260 3050 hiere.
1269 3013 1309 3058 ιιι,
1321 2994 1362 3048 20.
1396 2993 1462 3046 Dae·

294 3081 412 3134 monium
428 3087 531 3134 rnntum
547 3080 623 3134 elicit.
647 3077 1030 3144 Luc.xr‚14.,Metth.rrr‚22.
1053 3080 1113 3134 Ideo
1124 3079 1258 3134 Pheriseei
1274 3080 1301 3133 in
1315 3079 1462 3134 Beelzebub

294 3163 359 3218 haec
369 3165 445 3218 illum
456 3165 542 3218 iecere
554 3166 731 3220 criminentur.
756 3165 834 3220 Venit
849 3173 932 3219 meter
947 3181 1007 3220 oum
1025 3165 1149 3218 buntur
1160 3166 1240 3220 llere.
1248 3181 1289 3230 nr,
1301 3163 1352 3228 31„
1368 3163 1460 3218 ldettlu

296 3267 342 3314 ιιι,
355 3249 396 3302 46.
420 3251 487 3302 'inm
500 3249 634 3319 egrediens
647 3252 724 3304 domo
737 3252 770 3304 sd
781 3267 853 3306 mere
864 3252 990 3321 pervenit
1014 3249 1064 3303 Ubi
1074 3251 1226 3320 parabolem
1237 3251 1362 3304 sementis
1373 3255 1400 3304 et
1410 3251 1462 3302 ulie

297 3335 425 3404 quaedam
437 3335 562 3388 edisserit.
580 3337 661 3391 hiere.
672 3355 716 3401 ιι.,
727 3337 820 3392 Matth
830 3355 896 3401 rut,
907 3352 938 3390 uo
949 3335 1016 3390 iorte
1028 3336 1107 3390 etiem
1120 3349 1187 3405 quae
1198 3336 1260 3390 Luc.
1270 3354 1306 3401 ιι,
1317 3334 1360 3392 33.
1371 3337 1461 3406 legun·

297 3425 346 3472 tur.
369 3420 475 3474 interim
487 3423 605 3476 nonnulli
617 3423 650 3475 ad
662 3421 794 3476 Christum
810 3421 937 3476 secedunt
950 3437 981 3476 eo
998 3422 1074 3490 sequi
1089 3437 1117 3474 se
1130 3422 1193 3474 velle
1205 3420 1359 3491 profitentur
1370 3419 1461 3476 isson

297 3523 353 3570 ιιιι,
369 3503 406 3556 18.
429 3505 492 3560 Post
506 3507 535 3560 in
550 3508 633 3562 altum
649 3513 753 3562 evectus
769 3509 910 3578 procellem
929 3507 1002 3562 sedet
1013 3507 1094 3561 Marc.
1104 3523 1139 3560 ιι.
1163 3506 1281 3560 Treiecto
1293 3507 1359 3560 freto
1371 3507 1400 3560 in
1411 3505 1461 3560 Ge-

297 3607 450 3644 rasenorum
467 3607 530 3660 egro
546 3592 743 3647 daemoniacum
754 3593 855 3647 liberet.
878 3592 971 3647 Metth.
981 3609 1038 3648 vm.
1050 3593 1131 3646 Mero.
1142 3611 1165 3646 ι.
1188 3591 1299 3645 Rediem
1312 3590 1460 3660 archisyna-

298 3677 362 3747 gogi
373 3675 455 3728 filium
468 3682 547 3730 curet.
568 3678 635 3732 Tum
646 3679 782 3749 sanguinis
794 3677 922 3749 profluvio
934 3679 1096 3732 laborantem
1108 3677 1199 3732 lietth.
1208 3693 1254 3742 11.‚
1265 3678 1346 3730 llere
1355 3696 1390 3741 u,
1400 3675 1460 3730 Luc.

297 3781 354 3818 ιιιι.
379 3761 506 3830 Egressus
523 3761 582 3815 inde
598 3764 625 3816 iu
637 3765 749 3834 petrium
760 3765 970 3828 ebullierunt..
982 3763 1073 3818 Matth.
1083 3781 1139 3818 ιιιι.
1162 3763 1303 3834 Apostolos
1313 3763 1391 3817 binos
1402 3778 1460 3816 curn

178 3857 179 3862 ’
298 3847 461 3918 amplissima
471 3851 599 3915 potestate
609 3848 695 3902 mittit.
729 3851 863 3914 Meroen,
879 3849 941 3904 Luc.
955 3866 992 3904 ιι.
1021 3848 1128 3902 iuterim
1139 3848 1253 3904 Herodes
1265 3863 1325 3902 oum
1337 3848 1420 3902 multe
1430 3846 1460 3900 de

299 3932 395 3988 Christi
405 3931 531 4002 prodigiis
543 3933 695 4001 accepisset,
713 3935 838 3988 toennem
849 3951 866 3988 e
877 3935 987 3988 mortuis
999 3935 1142 3988 exeitstntn
1153 3939 1241 4005 putot,
1257 3939 1283 3988 et
1295 3934 1370 3986 illurn
1381 3931 1460 3986 rideri

300 4020 392 4088 gestit,
410 4023 438 4071 et
454 4018 477 4070 is
495 4033 553 4070 sese
570 4016 697 4072 subducit.
731 4018 816 4082 Quare
827 4021 877 4074 snb
889 4019 952 4074 heec
964 4026 1082 4092 tempore
1092 4021 1217 4074 loannem
1227 4018 1394 4074 interiectum
1404 4033 1460 4072 esee

300 4103 420 4156 credibile
432 4109 488 4178 est,
502 4101 542 4156 Ad
553 4101 662 4154 eundem
674 4101 768 4158 Christi
778 4105 869 4175 iugem
881 4106 965 4160 solere
976 4112 1055 4176 caput
1067 4123 1101 4160 ιι.
1112 4105 1231 4170 loannis3
1249 4121 1310 4158 euru
1320 4104 1412 4158 relicte
1422 4103 1461 4156 ln·

301 4187 364 4242 dese
379 4190 407 4242 in
421 4187 565 4242 Ce1i1eeam
580 4187 699 4251 secessit,
720 4205 771 4258 quo
788 4192 816 4244 in
831 4191 922 4244 itinere
939 4208 999 4246 curn
1014 4191 1180 4246 Semsritena
1193 4191 1303 4246 muliere
1319 4190 1461 4244 collocutus

301 4278 348 4326 est.
367 4272 451 4336 Quare
459 4273 544 4328 histem
553 4273 647 4342 ingens
657 4277 698 4326 est
705 4271 826 4328 hismriee
834 4277 901 4330 iuter
913 4293 1014 4346 cspmr.
1026 4283 1053 4334 et
1060 4293 1095 4331 ιι.
1107 4277 1206 4341 loenm,
1219 4275 1289 4346 quod
1298 4275 1393 4346 prioris
1401 4275 1461 4330 anni

300 4374 343 4413 res
354 4363 442 4428 gestes
454 4358 629 4429 evengelistae
641 4358 733 4428 reliqui
744 4362 936 4416 accuratissime
949 4363 1121 4434 scripsissent
1142 4361 1227 4432 Ceput
1237 4371 1299 4414 tero
1307 4377 1343 4416 ιι.
1355 4375 1417 4416 cum
1428 4377 1460 4414 ιι.

301 4457 448 4500 connexum
460 4449 507 4496 est
529 4443 597 4496 Nem
608 4445 724 4513 postilla
736 4445 824 4502 omnis
835 4447 868 4500 ed
878 4447 975 4500 testum
986 4447 1118 4517 qucddern
1130 4445 1249 4500 Christus
1260 4447 1383 4512 secessit,
1394 4444 1461 4517 quod

301 4524 452 4600 speechete
463 4524 532 4580 heud
542 4527 621 4596 longe
633 4529 735 4594 uberet,
751 4530 874 4584 uimirmn
889 4530 1008 4597 Pierius,
1025 4537 1072 4588 ent
1081 4531 1151 4586 eliud
1161 4531 1312 4602 quodpiam.
1340 4531 1461 4602 Sequitur
