3104 5038
282 287 369 348 cocu

280 443 361 503 cahat.
383 443 462 513 Atqui
477 442 534 498 sine
550 457 612 498 raro
629 441 759 512 baptismo
771 439 932 496 Christianus
946 458 1004 496 esse
1017 457 1095 498 nemo
1106 445 1202 512 potest.
1235 439 1271 496 Ut
1286 446 1377 497 autem
1392 441 1437 512 qni

281 528 442 584 Christianus
453 545 506 582 non
518 528 566 591 sit,
582 527 653 598 pacis
670 543 701 580 ac
716 526 868 582 concordiae
879 527 966 598 gratia
976 528 1043 582 inter
1054 525 1214 582 Christianos
1224 525 1352 582 habeatur
1362 525 1437 596 siquo

280 614 314 668 ad
324 613 413 668 dirius
423 613 547 682 mysteria
557 612 719 682 permittatur
730 611 827 676 aditus,
843 612 913 682 qnod
928 613 956 666 in
967 612 1106 668 Enmstih's
1117 613 1241 684 σλίθιυυο,
1258 629 1325 682 quos
1340 611 1438 682 alisqui

279 698 476 770 rebaptizandos
488 713 546 752 esse
556 701 694 761 statuerat,
710 696 756 750 sed
769 703 798 750 ut
808 713 861 750 non
872 697 945 752 fieret
955 697 1026 767 pacis
1038 713 1132 752 musea
1142 697 1289 761 remiserat,
1305 703 1438 767 praestan·

280 785 343 838 dum
354 800 411 840 esse
423 782 513 838 eodem
524 783 552 836 in
563 798 662 836 cunone
674 781 795 836 decernit
824 782 890 847 Hoc,
901 782 1022 853 inquam,
1034 783 1068 836 ab
1080 783 1203 838 eeclesiae
1215 799 1265 836 usn
1279 799 1311 836 ac
1321 781 1436 836 moribus

280 876 306 924 at
316 886 332 922 a
342 869 450 924 Nicaeni
465 867 567 922 concilii
584 867 745 936 aliorumque
756 873 872 920 ueterum
883 869 1061 922 sanctionibus
1072 865 1201 922 abhorret
1233 867 1382 932 Quinetiam
1394 868 1437 922 bo

279 955 405 1026 ptismum
421 970 438 1008 a
452 954 526 1006 laicis
542 953 665 1006 colatum
676 952 777 1006 irritum
789 968 819 1006 ac
830 953 932 1006 nullum
943 970 1000 1008 csse
1011 952 1125 1008 Basilius
1137 953 1206 1008 idem
1215 953 1359 1008 arbitratus
1369 953 1437 1006 ride-

280 1043 331 1104 tur,
347 1055 407 1092 cum
423 1055 456 1092 ex
473 1037 608 1108 Cypriani,
623 1037 767 1090 Firmilisni
783 1038 944 1108 aliorumque
957 1039 1086 1095 sententis
1100 1039 1243 1110 baptizatos
1257 1038 1292 1092 ab
1307 1035 1436 1092 haeriticis

279 1123 385 1196 perinde
401 1122 508 1192 ἀληθινῷ
522 1123 653 1193 baptismo
665 1122 809 1193 expiandos
824 1139 881 1178 esse
899 1123 969 1188 dicit,
985 1139 1016 1178 ac
1033 1124 1056 1176 si
1073 1124 1107 1178 ab
1123 1124 1197 1178 laicis
1212 1123 1240 1176 id
1256 1123 1435 1178 oncnmsssnc

271 1208 361 1274 ,Quasi
370 1209 495 1262 laicorum
507 1208 651 1278 baptismus
663 1205 775 1272 ἀληθινθς
785 1225 840 1262 non
850 1215 928 1264 esest.
947 1207 1021 1272 Quod
1032 1223 1107 1264 secus
1118 1225 1146 1262 so
1158 1207 1248 1274 habet,
1259 1213 1290 1262 nt
1300 1209 1369 1264 inter
1380 1223 1435 1262 cas·

279 1299 348 1348 teres
366 1295 475 1363 August.
486 1294 532 1346 lib.
541 1311 570 1348 rr.
581 1301 672 1346 conus
685 1291 767 1363 Epist.
780 1293 864 1348 Parm.
876 1309 933 1364 cap.
945 1311 1002 1348 arm
1014 1293 1134 1348 declarat
1156 1294 1271 1348 'lamani
1283 1293 1376 1348 eodem
1392 1293 1435 1346 illo

278 1379 336 1436 loco
348 1379 461 1444 dubitat,
472 1385 560 1432 utrum
571 1377 604 1432 ab
616 1393 646 1432 eo
659 1379 705 1447 qui
715 1394 850 1448 nunqnam
862 1377 1025 1434 Christianus
1036 1377 1115 1432 inerit
1125 1379 1271 1449 baptismus
1282 1379 1367 1449 possit
1377 1394 1435 1434 con·
1541 1381 1543 1392 '

278 1464 351 1522 iatri:
375 1464 411 1518 Et
421 1463 485 1518 hoec
496 1465 594 1534 quidem
607 1464 662 1516 olio
674 1468 787 1532 qaeestio
799 1472 847 1528 cst,
863 1468 954 1532 inquit,
970 1473 1054 1516 etrum
1071 1473 1095 1516 st
1105 1464 1138 1518 ob
1150 1467 1184 1516 s's's
1195 1471 1238 1532 pus·
1248 1481 1374 1533 mapsam
1378 1467 1436 1534 sse·

279 1553 333 1604 ciat
343 1549 486 1604 Christiani
492 1552 575 1619 possit
585 1550 724 1618 tepeamus
736 1550 804 1602 deri.
838 1547 895 1602 Nee
914 1551 1014 1618 ottqotd
1029 1551 1088 1602 iude
1100 1558 1190 1602 tesam
1201 1551 1381 1618 offimoadm
1393 1557 1436 1613 est,

279 1639 333 1690 ciac
345 1638 481 1688 autoritate
493 1639 560 1688 tosti
570 1635 684 1698 coecilii,
696 1642 814 1702 quomam
826 1644 913 1688 tostos
923 1638 963 1698 rei
973 1636 1069 1702 sufficit
1101 1633 1153 1688 set
1169 1633 1266 1688 indutu
1277 1640 1319 1688 sec
1330 1633 1400 1703 quod
1408 1633 1436 1686 in

279 1719 392 1776 Eliberit
404 1719 514 1774 concilio
526 1718 589 1772 Gan.
599 1736 709 1774 aaaron.
721 1719 848 1772 sancitur:
885 1719 918 1772 Ut
931 1737 1040 1790 peropus
1052 1723 1202 1788 σσυὲρσυισν
1211 1723 1344 1788 tnpmsts
1355 1736 1437 1772 seeu-

279 1810 355 1860 rs'tutc
367 1826 384 1858 a
395 1805 637 1874 puocunpuefidcts,
649 1808 692 1872 pus'
703 1823 752 1856 soa
761 1808 795 1856 sit
806 1805 933 1874 Moenus,
945 1805 1189 1874 hupts'aors'posss'st.
1220 1803 1325 1876 Ergone
1336 1820 1354 1857 a
1364 1803 1437 1874 hipa-

279 1891 331 1950 mis
341 1890 467 1960 baptisari
477 1890 505 1944 in
515 1895 589 1943 tante
600 1889 755 1944 necessitate
765 1905 819 1944 non
829 1889 917 1944 licuitt

346 1974 379 2032 N.
392 1991 456 2030 aru.
473 1973 519 2026 Καὶ
536 1972 681 2040 συνηυλίσθη
695 1971 748 2044 μετ’
763 1973 863 2041 αὐτῶν]
887 1975 942 2028 eet.
951 1992 978 2040 1,
988 1974 1014 2028 θλ
1026 1973 1066 2026 acl
1077 1973 1264 2045 συναλιζόμενος
1275 1972 1437 2044 παρήγγειλεν

281 2057 364 2122 αὐτοῖς
375 2065 424 2114 ete.
443 2059 493 2114 Pro
506 2075 556 2129 qno
567 2059 663 2128 legisse
674 2059 774 2114 ridetur
785 2057 957 2130 Epiphanius,
970 2059 1010 2112 aei
1021 2058 1231 2130 συνσυλιζθμινσς.
1250 2058 1319 2112 llam
1330 2060 1359 2112 in
1369 2059 1438 2112 hna-

250 2189 256 2203 .
280 2143 442 2215 eephatssosi
456 2159 518 2214 pag.
532 2143 587 2198 tat.
603 2143 673 2198 idem
686 2145 841 2198 vocabulum
858 2149 979 2216 usurpat:
1001 2143 1048 2196 ttet
1065 2143 1265 2214 συνσυλιζθμσνσς
1283 2142 1313 2196 od
1332 2143 1438 2209 doatlurs,

280 2225 338 2282 ἀλλ’
350 2227 473 2299 ἀλληθιίσσ
496 2227 651 2298 Quanquam
661 2230 706 2282 lib.
716 2246 733 2282 r.
744 2229 847 2282 Panarii
857 2245 919 2300 pag.
927 2229 969 2284 50.
982 2229 1049 2282 unde
1060 2229 1147 2284 locum
1157 2230 1231 2284 illurn
1246 2230 1274 2282 in
1286 2226 1437 2298 hnacepha·

280 2315 380 2370 lasosiu
399 2313 542 2378 transtulit,
561 2330 725 2368 communem
744 2314 882 2368 lectionem
898 2315 1038 2385 expressit:
1056 2313 1097 2368 acl
1113 2313 1265 2376 συναλίζεται
1282 2312 1312 2366 σθ
1330 2313 1437 2384 maios,

280 2397 338 2452 ἀλλ’
350 2395 457 2470 ἀληθείᾳ
474 2399 589 2453 Verbum
600 2397 767 2462 συναλίζεσθαι
777 2399 947 2454 ouudsmiere
956 2405 1112 2470 potestatem
1122 2399 1211 2464 habet,
1223 2415 1303 2469 quam
1314 2403 1353 2469 τῷ
1365 2415 1437 2451 συνι-

281 2483 389 2548 λθζεσθσι
406 2484 511 2554 quidam
528 2485 685 2549 attribuunt,
701 2485 824 2538 nimirum
842 2489 1044 2539 conveniremus
1055 2486 1152 2554 clipeo,
1168 2487 1330 2554 coapssyori.
1352 2485 1438 2554 Atque

280 2569 318 2624 ita
332 2571 472 2624 nonnullos
487 2571 573 2639 legere
588 2569 660 2622 Beda
674 2575 790 2624 testetur.
812 2571 847 2624 At
856 2571 981 2642 interpres
992 2575 1080 2624 noster
1091 2568 1278 2640 συναλιζόμενος
1289 2570 1368 2624 uertit
1378 2587 1436 2622 caa-

281 2674 389 2712 cssossss.
419 2655 476 2720 Quo
487 2671 567 2710 sensu
578 2653 777 2724 chrysostomus
789 2657 900 2726 accepit,
911 2661 938 2709 et
948 2653 1167 2726 Theophylactus,
1178 2661 1208 2708 ut
1218 2654 1287 2708 idem
1298 2655 1335 2708 sit
1344 2671 1378 2710 ao
1387 2657 1437 2708 τῶν
1541 2703 1542 2744 ἒ

281 2739 527 2810 θλῶνισθτραπθζης
539 2739 656 2810 μετέχειν.
674 2739 726 2794 Sed
735 2746 761 2794 et
769 2740 942 2810 Hieronymus
950 2739 1080 2811 llpist.cs.
1090 2740 1123 2794 ad
1131 2739 1275 2806 hedibiam,
1285 2738 1438 2804 Quanam
1541 2759 1542 2794 t

281 2826 522 2982 wmliieaua'rdeillstpl
534 2911 629 2981 θεσμῶν
642 2908 668 2963 dl
680 2913 722 2978 τῆς
733 2910 829 2978 cirita]
845 2911 959 2981 Egregia
970 2910 1090 2982 deinceps
1101 2927 1132 2964 ac
1143 2910 1283 2982 singularis
1294 2911 1437 2982 disputetis

280 2998 396 3067 seqnitur
408 2996 439 3050 de
449 2995 595 3066 praecipuis
612 2997 736 3050 ecclesiae
751 2997 856 3061 ritihus,
871 3012 949 3066 quem
964 2997 1036 3050 reiut
1051 2995 1224 3050 characterem
1239 3011 1270 3050 ac
1286 3003 1379 3050 notam
1393 2995 1438 3050 ad·

280 3081 364 3146 hibet,
382 3098 433 3151 quo
451 3081 484 3134 ab
501 3081 652 3134 adulterinis
670 3081 854 3134 conventiculis
872 3080 997 3137 catholica
1013 3082 1123 3134 ecclesia
1133 3081 1301 3150 dignoscitur.
1336 3081 1438 3146 Quibus

280 3181 330 3220 noa
344 3166 504 3236 argumentis
520 3181 551 3218 ec
566 3166 649 3236 signis
666 3166 770 3236 perinde
784 3166 834 3218 hoc
845 3171 960 3236 tempore
971 3181 1060 3220 reram
1072 3181 1102 3220 ac
1113 3165 1259 3220 &manant
1271 3165 1410 3220 ecclesiam
1421 3183 1439 3218 a
1540 3227 1541 3232 ζ

280 3250 353 3306 tasse
368 3252 569 3307 novissimarum
585 3249 726 3306 haereseon
742 3252 909 3306 secernimus.
932 3251 998 3306 Nem
1010 3252 1126 3322 plerique
1137 3267 1229 3304 omnes
1239 3251 1278 3304 illi
1289 3253 1385 3305 ueteris
1397 3267 1439 3304 ee·

281 3336 374 3390 clasiae
385 3352 470 3390 meree
481 3337 508 3390 in
519 3335 653 3390 &manae
666 3353 713 3390 usu
725 3352 755 3390 ac
768 3336 952 3392 consuetudine
962 3337 1120 3392 resederunt.
1154 3334 1282 3400 Quocirca
1297 3337 1378 3406 pauci
1391 3336 1438 3398 illi,

281 3421 327 3492 qui
337 3425 490 3491 supersunt,
501 3422 601 3476 numeri
612 3437 708 3491 magno
721 3420 854 3474 catholicis
866 3421 987 3476 omnibus
999 3422 1058 3476 usui
1068 3438 1125 3476 oeae
1136 3427 1258 3492 possunt,
1270 3427 1301 3474 ut
1310 3421 1438 3476 ιθνσιισν

279 3521 405 3562 uotorum
417 3504 551 3560 hominum
566 3507 695 3560 insaniam
711 3513 789 3576 utque
800 3507 929 3560 inscitiam
942 3513 1113 3577 opponantur.
1135 3508 1173 3560 ho
1184 3507 1207 3560 si
1218 3505 1250 3558 de
1260 3506 1374 3576 singulis
1386 3507 1438 3560 illia

278 3591 370 3646 ritihus
379 3591 456 3660 paulo
468 3592 613 3646 accuratius
623 3591 702 3646 rerba
709 3591 793 3646 iacere
803 3592 903 3656 vehem,
914 3592 1064 3662 ingentibus
1075 3591 1267 3644 commentariis
1279 3607 1347 3661 opus
1356 3599 1434 3646 asset.

279 3675 318 3732 No
329 3675 394 3730 nihil
404 3693 465 3730 sero
477 3677 560 3730 dicam
566 3715 574 3742 ,
587 3677 726 3746 praecipue
737 3676 865 3745 quaedam
876 3693 909 3730 ex
921 3677 953 3730 iis
964 3677 1045 3730 libare
1056 3676 1154 3746 placuit
1164 3691 1230 3745 quae
1241 3676 1269 3728 in
1280 3676 1439 3731 ademariis
1539 3693 1540 3720 ι

279 3762 388 3826 nostris,
405 3761 512 3832 proinde
529 3767 559 3816 ut
575 3766 692 3816 autorem
704 3777 832 3832 quemque
849 3761 876 3816 in
893 3777 987 3816 manue
1004 3777 1136 3831 ceperam,
1152 3761 1302 3831 promiscue
1313 3761 1440 3818 adeotata

279 3863 369 3920 ”im

446 4067 491 4123 Dli
503 4065 691 4122 vntnumtts
709 4065 908 4132 Qtttsttsttsnt
924 4067 1106 4122 scelestis
1123 4065 1266 4122 mutatis.

346 4188 391 4242 llal
403 4191 501 4259 πρῶτον
514 4187 557 4259 μὶν
568 4188 675 4259 κρηπίς]
690 4188 805 4242 Primum
817 4189 939 4242 ecclesiae
950 4189 1044 4243 ceteris
1055 4189 1216 4252 institutum,
1227 4186 1297 4256 quod
1307 4183 1439 4258 hodieque

280 4273 307 4326 in
315 4272 434 4328 &mana
442 4275 571 4339 retinetur,
582 4275 609 4328 in
621 4272 748 4342 madum
760 4273 930 4343 ordinumque
939 4273 1086 4328 discrimine
1097 4273 1212 4344 posituro
1223 4277 1270 4326 est
1287 4271 1356 4326 llam
1367 4273 1437 4343 prin·

280 4373 340 4428 ceps
352 4359 467 4414 omnium
482 4375 512 4412 ac
523 4358 762 4429 praestantissimus
777 4363 817 4412 est
826 4359 958 4428 ruginem
975 4357 1051 4423 ordo,
1068 4359 1114 4428 qui
1128 4359 1155 4412 in
1172 4365 1283 4427 unoque
1297 4373 1367 4412 sexu
1383 4373 1437 4412 cer·

279 4443 357 4508 nitur,
368 4459 480 4512 quocum
490 4443 663 4498 monasticum
671 4442 739 4496 ritae
747 4458 832 4512 genua
840 4444 1014 4514 coniungitur.
1041 4444 1180 4500 Proximus
1189 4441 1249 4496 huis
1261 4443 1437 4500 mutinsutias
1537 4477 1538 4510 3

280 4527 377 4596 gradus
387 4532 440 4590 est,
450 4531 508 4580 tum
517 4527 642 4592 siduitas,
653 4544 685 4582 ao
695 4535 827 4598 postremo
837 4529 896 4582 loeo
906 4529 1065 4599 coniugium.
