3138 5044
1137 299 1263 355 CXXXV

97 453 288 524 Dioupianarn
307 453 433 525 epocham
453 455 603 510 summovit.
638 452 691 508 Sed
708 455 753 525 qui
770 471 863 508 xuni.
880 469 949 508 anno
970 469 1077 525 passum
1097 471 1155 508 esse
1172 455 1263 510 volunt

98 538 230 594 Christum
240 539 338 611 Aprilis
349 559 402 605 un,
420 539 448 594 hi
464 541 527 594 luna
539 557 581 595 xv.
599 540 625 593 id
641 539 767 594 accidisse
783 545 897 594 censent.
930 541 1027 594 Paulus
1044 556 1105 594 varo
1122 541 1184 594 luna
1201 559 1262 606 rrv,

97 641 144 680 nec
155 626 184 678 in
196 625 254 696 ipso
265 623 402 695 paschate,
414 626 470 679 sire
481 627 565 697 primo
577 625 617 678 die
630 641 795 694 azymorum,
807 625 854 678 sed
865 625 960 696 pridie,
972 626 1093 678 videlicet
1103 627 1261 682 Martii-xxx.

96 711 131 764 st
145 711 231 765 Lucas
248 709 388 777 Gauricm,
406 727 518 782 eumque
534 715 640 766 secutus
657 710 794 776 Onnirius,
811 727 879 764 anno
891 728 981 765 xrmv.
998 727 1107 782 passum
1125 712 1262 777 affirment,

96 815 149 850 non
162 796 268 866 quidam
279 797 342 850 luna
351 815 408 862 aa„
421 797 467 852 sed
476 815 550 852 xum.
559 796 659 862 Martii3
672 797 797 867 quoniam
807 797 918 852 ludaeos
930 797 1088 852 arbitrantur
1098 813 1151 850 non
1163 815 1180 850 a
1190 799 1263 850 novi-

96 883 182 947 lunio,
194 881 241 936 sed
253 898 269 935 a
280 883 441 937 corniculata
452 881 540 953 effigie
551 883 702 936 neomenias
715 882 864 953 auspicatos
876 899 942 938 esse.
961 882 1046 947 Quem
1055 899 1104 937 nos
1114 883 1263 954 opinionem

98 967 265 1041 postmodum
277 969 449 1023 excutiemus.

164 1053 233 1110 Nam
249 1054 313 1108 illud
329 1053 563 1125 prlmorideudum
579 1053 656 1108 uobis
672 1057 713 1107 eet
728 1069 796 1124 quae
811 1053 889 1108 fuerit
905 1055 1064 1126 temporibus
1077 1055 1131 1110 illis
1142 1055 1212 1126 apud
1222 1056 1263 1109 lo·

97 1141 176 1195 daem
189 1140 252 1194 anni
262 1140 338 1196 ratio.
362 1139 437 1205 Quod
450 1141 489 1194 illi
499 1157 532 1194 ne
544 1138 728 1212 inquirendum
740 1139 844 1210 quidem
856 1135 956 1210 opinati
967 1146 1029 1194 sunt
1039 1138 1133 1211 quibus
1146 1143 1264 1211 explora-

97 1227 229 1280 tissimum
241 1231 297 1280 erat
308 1225 417 1280 ludaeos
429 1225 463 1278 ad
474 1243 552 1280 usum
562 1225 689 1280 festorum
701 1240 732 1278 ac
743 1226 891 1279 solennium
907 1225 1007 1279 medios
1022 1227 1100 1279 lunae
1117 1233 1203 1280 motus
1220 1228 1263 1279 ad-

96 1312 225 1376 libitinam
242 1312 281 1366 its
297 1317 327 1366 ut
341 1310 437 1382 pascha
453 1313 517 1366 luna
528 1328 583 1366 xiv.
595 1311 629 1364 ad
640 1327 777 1382 vesperam
788 1317 963 1382 perageretur,
981 1328 1029 1364 nec
1046 1313 1097 1365 alio
1110 1311 1136 1364 id
1148 1318 1264 1382 tempore

96 1398 222 1452 celebrari
232 1397 273 1451 ias
285 1403 366 1462 meet,
382 1403 412 1450 ut
427 1398 455 1450 in
466 1397 612 1452 huobbes
622 1396 811 1452 Ecclesiastiois
823 1411 847 1452 a.
857 1413 947 1450 xxxiv.
960 1411 1031 1452 num.
1041 1413 1131 1451 xxxiv.
1143 1397 1263 1466 legimus.

97 1485 195 1538 Verum
206 1499 267 1537 cum
279 1500 313 1536 ex
324 1482 374 1536 hoo
385 1499 438 1536 uno
450 1482 522 1538 tonte
533 1483 686 1536 innumerae
696 1483 757 1536 illae
768 1487 795 1536 et
805 1482 1000 1536 inextricabiles
1008 1483 1199 1536 connorersiae
1210 1485 1264 1554 opi-

96 1571 241 1640 uiouesquo
258 1573 419 1640 propagatae
435 1569 500 1634 sint,
515 1569 542 1622 in
558 1583 645 1622 arcem
661 1569 746 1639 ipsam
761 1568 922 1638 quaestionis
938 1567 1112 1622 inuadendum
1128 1569 1204 1622 nobis
1217 1575 1264 1634 est,

97 1661 122 1708 et
132 1655 199 1709 illud
209 1656 296 1726 ipsum
307 1655 378 1726 quod
390 1652 526 1724 ἀξιώματος
539 1653 608 1725 apud
622 1654 764 1710 nonnullos
782 1655 868 1708 locum
887 1653 987 1708 obtinet
1002 1654 1051 1708 sub
1067 1654 1264 1724 inquisitionem

96 1741 252 1794 vocandum.

97 1895 141 1949 Dii
155 1894 239 1948 ANNI
255 1893 382 1948 IUDAIOI
399 1893 517 1948 ronne
530 1893 628 1959 QUAM
645 1894 711 1950 SUB
729 1893 862 1950 CHRISTI
875 1893 1037 1948 TEMPORA
1051 1893 1262 1948 THNUERUNT.
1290 1923 1311 1964 p.
1321 1913 1365 1953 rsr,

165 1997 269 2068 Duplex
280 1998 308 2050 in
319 1997 496 2052 Hebraeorum
508 1998 700 2052 commentariis
712 1997 796 2051 civilis
813 1999 875 2050 anni
890 1997 956 2052 ratio
968 1998 1086 2063 traditur,
1103 2003 1213 2068 utraque
1226 2001 1264 2052 lu-

97 2085 182 2148 uaris,
201 2083 232 2136 de
249 2099 302 2154 qua
312 2085 401 2138 Moses
412 2083 553 2136 Haimouis
564 2083 593 2140 lt.
607 2089 728 2138 accurate
744 2083 849 2136 disserit
862 2087 936 2153 parte
947 2084 1032 2154 prima
1043 2083 1101 2148 lad,
1119 2089 1220 2138 metat.
1233 2085 1264 2138 do

97 2167 229 2222 Xidduscb
240 2167 407 2222 hakkodseoh
418 2175 445 2222 et
456 2168 489 2222 ad
500 2169 611 2223 eundem
622 2174 761 2222 montetum
774 2169 871 2240 glossa.
903 2169 989 2222 Prima
1000 2175 1086 2224 stante
1098 2169 1182 2224 adbuc
1199 2176 1264 2224 tem·

96 2256 139 2325 plo
151 2255 251 2308 usitata
261 2254 323 2320 ruit,
336 2271 389 2326 qua
399 2255 551 2308 neomeniae
560 2252 609 2306 inb
619 2257 661 2322 τῆς
671 2253 767 2326 piscor
776 2254 933 2310 indicebant.
952 2254 1027 2319 Quod
1037 2256 1065 2308 in
1077 2255 1146 2310 hunc
1157 2257 1265 2310 modum

97 2339 185 2394 fiebat.
220 2339 284 2394 Erat
300 2339 369 2410 apud
380 2339 490 2393 ludaeos
502 2343 550 2428 1³¹7
564 2344 624 2402 naa
636 2341 691 2395 sive
704 2339 837 2412 συνέδριον,
849 2357 930 2411 penes
942 2341 1012 2411 quod
1024 2342 1264 2395 constituendarum

96 2427 294 2480 neomeniarum
305 2431 421 2496 potestas
433 2425 575 2490 residebat,
587 2442 667 2496 quam
680 2431 798 2519 ψη,
810 2428 1040 2480 determinationem
1051 2432 1152 2481 uocant
1170 2429 1264 2480 Huius·

96 2512 169 2566 modi
180 2511 293 2583 ουνέδρια
304 2511 379 2582 plora
390 2512 418 2564 in
429 2510 576 2566 Palaestina
588 2529 647 2566 cum
664 2518 763 2578 esseut,
779 2513 948 2583 praecipuum
964 2517 1019 2566 erat
1033 2513 1233 2582 Hierosolymis,
1249 2531 1266 2566 a

97 2615 150 2668 quo
168 2603 269 2650 metere
285 2597 435 2668 penderent.
477 2596 568 2668 ltaque
584 2599 675 2668 glossa
689 2614 744 2668 cap.
761 2603 861 2652 mactat
878 2597 1012 2652 Kidduseb
1032 2601 1056 2666 ξ.
1071 2598 1096 2654 8.
1119 2605 1174 2659 aas
1196 2603 1264 2683 'prii

97 2675 142 2760 ia
160 2703 248 2762 nnn
272 2703 426 2762 nenses
443 2703 534 2764 nnn
551 2704 626 2790 qam
647 2675 692 2760 ie
714 2701 894 2785 swnnapn
920 2674 994 2772 lcr
1017 2671 1088 2770 sbs
1157 2706 1264 2764 annn

97 2789 210 2878 :spon
222 2788 292 2847 urn
305 2757 423 2858 sirau
436 2755 550 2858 inam
563 2791 694 2880 pisan
706 2789 783 2874 qaeu-r
801 2790 863 2845 ana
878 2755 923 2857 ba
941 2789 1037 2846 aanor
1054 2791 1102 2846 us
1127 2791 1265 2848 mensam

96 2872 186 2940 Neque
202 2889 261 2923 nero
278 2889 322 2923 nos
339 2875 472 2923 innitimur
483 2873 571 2934 citeri,
588 2890 662 2939 qnam
680 2873 820 2940 definitioni
829 2875 903 2922 sacri
919 2887 1059 2934 consuram
1071 2875 1188 2940 qnoniam
1200 2871 1264 2923 boec

98 2960 215 3009 rolsnrnu
227 2965 264 3008 est
275 2958 419 3011 decisionis.
444 2957 525 3026 Atqui
540 2956 583 3008 bic
599 2959 654 3026 ipse
671 2973 801 3008 correeesns
814 2955 1059 3024 Hierosolymitunns
1076 2965 1118 3008 est.
1145 2957 1264 3017 Quando·

96 3045 196 3112 qnidern
206 3045 358 3094 consistorio
367 3045 460 3107 cmrria,
473 3057 537 3110 qnae
546 3045 573 3092 in
582 3042 735 3094 Israettn'cn
745 3051 816 3094 terro
825 3051 889 3104 sont,
899 3043 967 3093 ceint
975 3036 1131 3093 decessiones
1140 3044 1265 3111 qnnedurn

95 3138 166 3191 sent,
179 3127 437 3196 Hierosolynritannm
448 3145 507 3179 cero
516 3129 711 3196 fundumentum
723 3136 767 3180 ert.
804 3125 888 3191 Quare
899 3126 1087 3197 Hierosolymis
1098 3127 1265 3198 potissimum

96 3229 224 3284 responsa
234 3213 396 3283 petebantur.
413 3211 466 3266 Sed
475 3227 564 3266 eversa
572 3213 648 3278 urbe,
661 3212 786 3282 quamdiu
794 3212 883 3266 ludaei
894 3213 921 3266 in
930 3212 1077 3267 Palaestina
1085 3221 1266 3267 remanserunt

96 3315 128 3352 ac
145 3297 270 3369 metipsos
287 3299 385 3352 ibidem
401 3298 559 3362 habuerunt,
576 3315 657 3369 penes
673 3298 738 3352 illud
753 3299 794 3352 ius
812 3315 889 3352 omns
905 3297 968 3364 init,
985 3315 1120 3370 quousque
1138 3299 1265 3356 Gemaras

96 3385 235 3455 Sapientes
252 3383 395 3450 desierunt,
417 3385 457 3437 uti
472 3399 529 3454 cap.
545 3403 569 3438 v.
588 3387 612 3452 ξ.
626 3401 666 3440 nr.
686 3385 775 3438 Moses
798 3384 896 3437 scribit.
939 3384 1049 3438 Proinde
1074 3386 1119 3455 qui
1142 3386 1266 3439 vixerunt

97 3475 204 3560 timp
222 3439 268 3542 52⁹
284 3477 371 3532 tim
389 3475 464 3530 ΜΝ
481 3474 525 3534 'lt’
543 3474 667 3532 tt'ffils't
685 3475 776 3532 'mil
794 3475 872 3532 ΨΒ
889 3473 941 3556 ῬἹ
960 3475 1064 3532 nemra
1078 3477 1169 3532 ''ml'l
1187 3477 1265 3534 ’Μ

96 3561 230 3618 mim
249 3559 306 3616 ἹἯ
326 3554 387 3617 'itte
412 3556 446 3606 In
463 3557 550 3608 diebus
564 3555 713 3626 Sapientem
730 3557 814 3608 Mssne
830 3565 854 3610 et
867 3554 1016 3625 Sapientem
1033 3558 1173 3620 Gemcrce,
1189 3577 1265 3626 usqne

97 3644 134 3693 ccl
141 3641 229 3694 Rabiri
237 3641 323 3692 Aban
331 3651 357 3693 et
363 3641 456 3693 Ralla
462 3679 470 3704 ,
480 3643 689 3694 determinatione
698 3643 864 3694 Ierailiticae
874 3651 959 3694 terroe
969 3642 1122 3697 nitebantur.
1137 3643 1266 3696 Postremi

96 3725 252 3796 Sapientem
268 3725 353 3780 ldisne
368 3726 458 3780 vixere
475 3727 544 3780 circa
560 3731 678 3798 tompore
694 3727 831 3791 Antonini,
849 3723 946 3778 Christi
958 3741 1013 3781 on:
1038 3732 1066 3779 at
1078 3727 1216 3781 Gomaraei
1232 3727 1265 3780 ad

96 3827 197 3865 annum
208 3811 262 3865 iere
274 3829 310 3876 n,
323 3816 352 3864 ut
362 3810 474 3865 Germen
483 3811 566 3865 David
574 3811 653 3866 fidem
661 3811 733 3868 iacit.
751 3813 816 3866 'loto
827 3811 908 3881 igitur
918 3812 963 3865 illo
976 3817 1091 3883 temporo
1103 3811 1151 3864 inb
1164 3816 1205 3879 τῆς
1219 3811 1265 3882 pi-

97 3915 159 3957 σεως
176 3901 256 3967 atque
269 3913 304 3950 ex
322 3896 458 3950 lsrailitiei
474 3913 613 3951 consessus
629 3899 788 3968 praescripto
800 3897 951 3950 neomeniae
964 3897 1125 3954 ordinabant.
1150 3898 1266 3962 Quarum

97 3983 203 4053 quidem
216 3982 455 4036 eonsdtuendarum
467 3999 498 4036 ea
509 3983 647 4053 disciplina
657 3981 714 4037 tuit.
740 3983 821 4036 Veros
834 3987 859 4035 et
871 3987 1007 4036 accuratos
1019 3983 1096 4036 lunae
1108 3990 1210 4048 motus,
1227 3991 1265 4038 at-

97 4085 162 4137 que,
173 4073 206 4121 ut
215 4069 346 4139 loquutur,
364 4071 494 4159 ΡῚἪὯ
510 4085 544 4122 ex
559 4068 740 4122 astronomicis
752 4068 848 4122 tabulis
861 4083 1000 4122 comesses
1011 4068 1055 4123 ille
1067 4069 1265 4138 diligentissime

97 4155 265 4208 scrutabatur
280 4099 484 4224 explorabaique
501 4169 565 4208 num
582 4154 646 4210 luna
663 4169 710 4206 suo
728 4158 844 4224 tempore
856 4153 994 4207 ridendam
1014 4169 1042 4206 se
1062 4153 1208 4223 praeberet,
1226 4156 1265 4208 ni-

97 4241 194 4293 mirum
210 4239 341 4293 tricesima
357 4245 445 4303 nocte,
462 4244 493 4291 ut
508 4240 535 4292 iu
553 4254 612 4294 eam
624 4237 695 4309 pion
710 4239 846 4304 incideret,
864 4240 919 4293 sire
936 4239 1021 4308 prima
1037 4239 1168 4304 accensio,
1186 4256 1266 4310 quam

98 4330 189 4386 ,Ἧι-ι
207 4329 310 4378 vocant.
344 4324 382 4377 Ac
399 4324 422 4377 si
439 4323 579 4377 intuendae
594 4324 665 4378 illias
682 4325 784 4396 copiam
801 4324 856 4379 lore
872 4330 1070 4394 cognoscerent,
1088 4327 1264 4394 speculatores

98 4409 280 4480 apponebant,
290 4409 335 4478 qui
344 4409 630 4464 statimacuasoentem
639 4411 729 4464 lunam
737 4415 938 4482 prospexerant,
948 4409 1064 4463 Concilio
1073 4412 1265 4468 renuntiabant.

98 4495 151 4547 Sed
162 4496 190 4547 in
202 4494 309 4548 testium
319 4489 534 4550 delecrc'nornsa
542 4511 572 4549 ao
580 4497 762 4566 superstitiosa
770 4497 905 4566 diligentia
918 4483 983 4566 opui
995 4502 1062 4561 erat,
1076 4513 1155 4568 qnam
1166 4497 1266 4568 aliquot

98 4579 228 4650 capitibus
240 4579 384 4636 Telmedici
400 4587 504 4636 tutores
521 4583 660 4655 explicant.
697 4581 747 4637 Ubi
764 4582 795 4636 de
811 4582 912 4637 risiom
928 4589 1096 4650 convenerat,
1112 4589 1169 4638 tum
1183 4583 1265 4654 legati
