3138 5044
312 329 405 394 ttxn

377 493 590 548 Transletionum
597 497 755 547 uetustatem
764 483 857 546 ament
865 497 892 544 ot
899 483 996 572 Paulus
1004 485 1240 562 Middelhurg'enais
1247 489 1358 549 litum.
1368 497 1431 564 part
1437 509 1470 558 n,

311 597 344 633 ex
360 595 442 650 eaque
460 580 590 650 passionis
606 579 705 632 domini
721 584 825 648 tenipus
842 578 970 648 explorat.
1015 577 1067 632 Sed
1084 579 1111 632 in
1129 577 1274 632 Annalibus
1292 577 1325 631 ad
1343 595 1367 631 a
1379 595 1470 642 mir,

310 683 335 719 n.
345 665 387 720 34.
399 667 524 719 acerrime
536 681 596 718 cam
608 665 640 718 iis
653 664 833 735 expostulatur
845 664 891 734 qui
906 679 1003 717 novam
1019 663 1051 716 de
1069 664 1194 717 translato
1212 663 1335 734 paschate
1352 664 1382 716 in
1399 663 1471 716 eccle·

309 752 375 804 siam
387 751 429 804 dei
439 752 596 804 invexerunt
607 750 769 820 opinionem,
786 765 846 802 cum
862 748 888 801 id
903 749 966 800 deus
978 749 1134 818 gravissime
1144 749 1315 820 praeceperit,
1327 766 1361 802 ne
1374 749 1427 802 alia
1436 749 1471 802 die

310 853 389 906 quarn
405 851 457 890 xiv.
470 838 533 890 luna
550 836 582 888 ad
594 849 730 906 vesperam
746 849 849 887 saemm
866 832 964 904 pascha
979 834 1159 888 celebraretur.
1194 833 1267 888 Unde
1283 835 1329 905 qui
1338 841 1472 905 propterea

310 923 379 994 qnod
390 921 519 976 immundi
530 927 618 978 essent
632 937 686 976 arv.
697 921 738 973 die
749 921 827 991 primi
839 920 936 972 mensis
949 935 1073 990 peragere
1086 919 1250 990 nequissent,
1261 921 1354 974 nonin
1367 937 1472 990 sequen·

309 1013 374 1072 lem,
392 1016 437 1060 sut
454 1007 559 1060 tertium
577 1013 729 1076 quartumre
748 1004 829 1070 diem,
852 1005 942 1058 sedin
963 1023 1017 1058 arv.
1036 1007 1127 1058 lunam
1144 1005 1244 1059 mensis
1260 1005 1369 1060 mnndi
1389 1005 1472 1060 reiecti

309 1099 384 1158 sunt,
402 1091 472 1163 quod
488 1098 514 1144 et
524 1090 650 1145 Ezechiae
666 1091 737 1160 regis
750 1091 870 1160 exemplo
883 1089 1044 1143 demonstrat
1054 1109 1075 1144 rr
1086 1090 1170 1146 Paral.
1184 1107 1241 1162 cap.
1250 1108 1311 1146 xxx.
1336 1091 1418 1162 Atqui
1428 1089 1471 1143 hoo

310 1184 493 1248 argumentum
511 1183 601 1230 contra
617 1175 745 1230 festorum
761 1175 958 1230 translationem
975 1176 1031 1228 leve
1049 1175 1188 1230 admodum
1206 1175 1315 1231 videtur.
1351 1177 1472 1240 Primum,

310 1265 372 1334 quia
380 1253 512 1333 nusquam
524 1263 551 1315 in
569 1263 649 1315 sacris
665 1261 745 1314 literis
762 1267 928 1332 praeceptum
946 1267 999 1326 est,
1016 1266 1046 1314 ut
1061 1261 1125 1314 luna
1136 1279 1189 1316 arv.
1210 1261 1307 1332 paseha
1324 1263 1471 1327 celebretur,

308 1363 393 1419 neque
405 1348 483 1402 lunae
495 1348 592 1400 mentio
604 1347 648 1411 fit,
664 1347 709 1400 sed
725 1346 950 1416 decimaequarlao
967 1345 1019 1400 diei
1029 1345 1107 1416 primi
1117 1348 1224 1402 mensis.
1259 1348 1301 1400 An
1312 1363 1375 1400 vero
1388 1347 1472 1400 lunam

309 1451 363 1488 nv.
375 1433 413 1487 sie
426 1434 588 1486 observatam
602 1447 660 1485 asse
671 1432 774 1503 putabit
785 1432 892 1502 aliquis,
909 1437 939 1485 ut
950 1432 1016 1496 ueri,
1034 1433 1075 1485 vel
1091 1432 1169 1486 medii
1179 1433 1279 1486 saltem
1294 1433 1387 1486 sideris
1399 1432 1470 1486 huius

308 1525 395 1573 motus
408 1517 560 1589 explorandi
570 1518 685 1572 luerint?
720 1517 777 1570 Non
789 1517 859 1570 enim
870 1516 919 1570 hoc
931 1518 958 1570 in
971 1517 1040 1570 civili
1051 1521 1077 1570 et
1088 1517 1218 1588 aequabili
1230 1535 1278 1572 usn
1290 1519 1419 1588 precaturi
1429 1536 1471 1589 po

307 1607 364 1659 tuit
395 1605 450 1658 Hoc
462 1611 550 1658 autem
561 1609 661 1657 remoto
673 1601 739 1656 nihil
750 1602 867 1672 superior
877 1601 930 1654 ista
940 1602 1103 1656 ratiocinatio
1115 1603 1222 1673 colligit
1256 1601 1382 1674 Numqui
1393 1609 1471 1657 uana·

307 1693 373 1745 latas
386 1707 443 1744 esse
454 1690 532 1744 lorias
545 1687 699 1753 defendunt,
712 1703 765 1742 non
776 1687 803 1740 id
814 1693 945 1752 usserunt,
963 1687 1014 1741 alio
1027 1687 1068 1740 die
1080 1703 1159 1758 quam
1171 1705 1224 1741 xrv.
1237 1687 1270 1741 ad
1282 1705 1418 1760 vesperam
1428 1705 1470 1760 pa·

307 1775 370 1830 solra
382 1777 554 1840 celebratum,
572 1774 618 1828 sed
629 1773 794 1828 neomeniam
806 1772 903 1843 ipsam,
921 1789 937 1826 a
949 1789 1001 1844 qua
1012 1791 1065 1828 arv.
1077 1773 1132 1826 dies
1148 1779 1307 1837 numeratur,
1324 1775 1434 1828 alterurn
1445 1775 1470 1827 in

307 1861 375 1916 diem
386 1861 523 1914 traiectum
535 1860 695 1913 existimant.
713 1858 767 1912 lloc
776 1872 837 1911 uero
850 1865 948 1928 negant
959 1874 1064 1912 necesse
1076 1859 1168 1923 luisse,
1181 1863 1211 1912 ut
1221 1859 1335 1913 instante
1345 1861 1404 1930 ipso
1416 1875 1470 1912 roe

306 1947 380 2000 lestis
392 1946 529 2017 plenilunii
541 1944 582 1997 die
594 1943 721 1998 iestiritas
733 1943 853 2009 iniretur;
870 1945 983 1997 camuel
995 1961 1028 1996 ex
1041 1945 1106 2014 cycli
1117 1944 1216 1997 lunaris
1226 1945 1302 2010 sitio,
1320 1944 1362 1997 rel
1380 1961 1414 1998 ex
1429 1942 1470 2014 pd-

307 2049 369 2092 esur
381 2031 574 2094 observatione,
589 2047 642 2084 xrv.
656 2029 710 2082 dies
722 2029 820 2082 mensis
832 2029 895 2082 luna
906 2047 948 2082 nv.
961 2033 1007 2082 aut
1018 2045 1071 2083 xvr.
1084 2045 1141 2083 sese
1152 2029 1274 2100 potuerit

374 2117 444 2170 llaec
456 2115 564 2168 dixerim
576 2131 630 2168 non
642 2119 671 2167 ut
681 2114 751 2168 illico
762 2114 896 2185 politicam
907 2114 979 2168 illam
991 2115 1140 2168 recentioris
1153 2115 1268 2186 computi
1276 2115 1469 2170 translationem

264 2203 271 2208 '
307 2201 377 2272 apud
388 2200 496 2254 ludaeos
509 2203 621 2263 veteres,
639 2199 755 2269 adeoque
768 2198 863 2253 Christi
878 2205 994 2271 tempore
1011 2207 1163 2270 usurpatam
1179 2217 1236 2253 esse
1252 2199 1384 2254 deliniam.
1418 2201 1470 2254 lioc

307 2287 377 2340 enim
390 2286 431 2338 uel
443 2285 532 2338 ludaei
542 2285 593 2354 ipsi
604 2290 711 2354 negant.
747 2283 882 2354 Siquidem
899 2285 929 2338 R.
941 2285 1016 2339 ldoae
1032 2285 1084 2338 ben
1098 2287 1215 2340 ldaimon
1227 2301 1283 2356 cap.
1293 2303 1331 2339 rrr
1341 2285 1470 2340 Kiddusch

306 2369 455 2424 hahodosoh
471 2372 550 2437 §.ura
564 2375 590 2424 et
601 2387 657 2426 vm.
674 2369 839 2426 reiectionem
854 2369 978 2424 tertarum
989 2375 1079 2424 natam
1091 2387 1125 2425 ex
1137 2389 1167 2425 eo
1184 2377 1300 2442 ternpore
1316 2387 1374 2425 esse
1391 2375 1470 2442 putat,

308 2456 404 2528 quoad
417 2455 516 2509 medios
528 2461 627 2520 motus,
643 2455 712 2508 reris
723 2455 926 2525 praetermissis,
942 2463 1092 2526 consputum
1109 2473 1186 2511 suum
1198 2455 1307 2527 dirigere
1320 2463 1470 2528 coeperunt3

309 2562 412 2624 Nun
437 2563 507 2620 trra
530 2561 699 2648 insensu
722 2547 782 2631 sep
798 2535 867 2620 ‘riri
890 2561 930 2620 ro
948 2563 1081 2651 qinons
1098 2559 1209 2651 ψη,
1227 2563 1277 2649 pu
1297 2565 1354 2622 m
1371 2565 1470 2622 sm,

307 2667 374 2724 ons
392 2665 513 2724 *nean
533 2665 648 2748 nipe:
666 2629 713 2732 ab
736 2665 883 2726 annuus
903 2628 1068 2734 rnaben
1084 2667 1218 2724 nunni
1237 2667 1327 2725 nse„
1345 2633 1469 2758 ms

307 2767 409 2826 unia:
425 2733 530 2835 snauh
553 2769 611 2824 un
634 2763 762 2826 runnu-r
785 2765 853 2824 niu
872 2766 1141 2856 usurpentur
1163 2735 1301 2836 usin&
1318 2771 1472 2830 tranum

306 2870 428 2929 thuim
446 2871 549 2956 'pinps
588 2866 670 2927 Quam
686 2865 715 2918 ob
729 2883 847 2918 comeam
858 2870 885 2920 s'o
897 2865 944 2918 boc
957 2874 1069 2936 computo
1081 2870 1235 2920 neomeniam
1246 2885 1295 2920 oon
1307 2869 1437 2922 collocant
1446 2871 1472 2920 iss

300 2973 375 3038 seria
386 2988 405 3023 1.
420 2983 453 3020 ru.
466 2977 491 3020 et
501 2971 555 3022 vui
568 2959 672 3038 (nempe
684 2968 712 3021 in
723 2967 801 3038 Tiari)
827 2967 863 3020 Ob
875 2969 905 3020 id
915 2969 1045 3033 videlicet,
1057 2969 1124 3038 quod
1135 2979 1264 3038 computas
1273 2973 1321 3021 s'ate
1332 2987 1471 3023 accommo-

308 3055 383 3106 datae
399 3063 436 3105 eat
451 3055 487 3105 ud
504 3057 689 3106 coniunctiones
706 3055 766 3105 solia
784 3070 816 3106 oc
833 3054 920 3117 laune,
940 3055 1075 3106 secundum
1091 3056 1199 3106 medium
1215 3063 1303 3106 motam
1318 3055 1423 3107 σ’ἱίονηη
1437 3059 1471 3106 aa'·

308 3141 407 3203 derum,
425 3157 472 3190 non
489 3137 579 3190 habito
594 3141 694 3190 ratione
705 3142 761 3190 veri
772 3141 904 3192 eorundem
916 3140 978 3202 loci,
996 3141 1063 3208 qood
1072 3141 1125 3192 icas
1137 3141 1294 3192 ostendimus.
1329 3139 1471 3209 Propterea

308 3225 362 3275 dies
374 3233 454 3276 certos
461 3225 659 3292 praefinierunt,
671 3224 760 3292 quibus
771 3227 914 3276 armaretur
926 3226 1073 3293 defipereut,
1086 3234 1110 3277 et
1120 3226 1186 3277 αΙὶοε
1197 3225 1330 3287 reticulos,
1344 3233 1374 3276 ut
1383 3243 1414 3277 ec
1426 3243 1470 3276 rc·

307 3312 373 3362 eures
384 3326 469 3360 oerum
483 3311 679 3360 coniunctionem
692 3312 792 3377 assequi
798 3318 908 3378 possessi.
934 3309 1108 3372 Quamobrem
1119 3325 1178 3362 cum
1190 3325 1224 3364 ex
1236 3309 1416 3364 chananeus
1428 3313 1471 3376 τῆς

307 3393 403 3464 φάσεως
425 3392 522 3446 otveri
541 3399 629 3446 motus
646 3393 787 3446 ratiociniis
804 3399 864 3448 ante
882 3399 908 3447 et
924 3399 985 3464 post
1000 3391 1094 3448 Christi
1111 3395 1261 3466 passionem
1278 3395 1378 3466 aliquot
1394 3396 1470 3449 annis

307 3479 457 3532 neomenias
469 3477 622 3544 indixerint,
634 3485 663 3531 ut
674 3479 743 3532 idern
755 3485 829 3532 autor
841 3485 880 3532 est
891 3479 992 3545 hloses,
1004 3495 1164 3550 consequeus
1174 3485 1215 3534 est
1223 3479 1267 3534 diu
1275 3485 1369 3554 postea
1379 3497 1469 3552 auper-

306 3564 439 3618 stitionem
450 3564 522 3616 illam
533 3563 715 3618 introductam.

372 3649 469 3704 Verum
482 3649 543 3718 quia
555 3665 587 3702 ex
599 3648 738 3720 Epiphanii
748 3650 909 3720 aliorumque
921 3650 1135 3720 grauissimorum
1146 3651 1328 3723 theologorum
1338 3653 1469 3709 renuntia

306 3735 423 3790 Christus
440 3734 521 3806 pridie
539 3735 595 3787 eiua
613 3734 675 3798 disi,
694 3751 745 3804 quo
763 3733 869 3788 Scribas
885 3740 911 3788 et
924 3733 1056 3790 Pharisaei
1070 3735 1168 3807 pascha
1182 3735 1358 3804 celebrarunt,
1375 3739 1468 3792 ultirnu

305 3821 428 3892 paschate
440 3835 471 3874 ac
488 3819 638 3873 solennibus
654 3821 800 3874 cerimoniis
817 3820 921 3874 iunctm
938 3826 991 3887 est,
1008 3821 1121 3876 ineunda
1136 3823 1279 3894 probabilis
1296 3823 1385 3894 aliqua
1400 3825 1468 3877 ratio

305 3914 358 3973 est,
369 3912 474 3977 propter
486 3921 564 3976 quarn
575 3903 665 3958 ludaei
674 3904 773 3975 pascha
784 3921 800 3958 a
810 3906 928 3976 legitimo
940 3905 981 3959 die
992 3907 1019 3960 in
1031 3917 1184 3978 sequentem
1194 3907 1357 3962 contulerint.
1380 3909 1427 3964 Est
1437 3925 1468 3963 ea

304 4007 378 4058 roro,
389 3993 441 4046 nisi
451 3991 536 4057 fallor,
547 3989 618 4044 haud
629 3989 754 4057 absurda,
766 3992 840 4045 cuius
852 4007 887 4045 ex
897 3990 1075 4046 Rabbinorum
1087 3994 1278 4048 commentariis
1290 3994 1468 4049 coniecturam

306 4091 428 4146 cepimus.

373 4161 495 4216 Scribunt
510 4161 560 4228 illi,
571 4162 688 4232 interque
697 4165 813 4214 emtores
823 4161 855 4216 it.
864 4163 951 4216 Moses
962 4163 991 4216 in
1001 4163 1046 4217 illo
1056 4163 1178 4218 Tractatu
1189 4180 1267 4234 quem
1278 4180 1357 4236 saepe
1368 4181 1467 4222 memo·

306 4246 373 4312 rari,
385 4247 517 4301 differendi
527 4248 606 4318 primi
616 4247 714 4300 mensis
726 4261 756 4298 ao
766 4245 895 4317 paschatis
907 4263 1013 4302 caussas
1026 4249 1088 4302 olim
1100 4250 1216 4304 extitime
1228 4251 1387 4322 complurea;
1400 4267 1467 4322 quas

307 4335 384 4383 antea
394 4333 600 4400 perstrinximus,
624 4331 658 4385 Ut
669 4349 728 4385 curn
739 4331 829 4402 fruges
841 4333 995 4388 arborumve
1006 4333 1105 4388 fructus
1118 4335 1232 4388 nondum
1244 4337 1340 4390 matari
1348 4336 1467 4390 rideren-

307 4421 356 4480 tur,
368 4416 391 4468 si
401 4416 535 4487 interrupti
546 4423 638 4488 pontes
650 4421 748 4482 esseni,
760 4415 910 4472 tomacesve
922 4418 1033 4486 dirutae,
1046 4436 1075 4473 ae
1087 4421 1187 4490 reliqua
1196 4419 1224 4474 id
1234 4435 1331 4491 genus,
1344 4437 1411 4492 qnae
1423 4437 1467 4476 so·

306 4501 457 4554 lennitatem
467 4501 627 4570 impedirent.
651 4503 688 4556 De
701 4503 794 4573 qulbus
806 4519 945 4557 consessus
956 4505 1039 4572 illius,
1056 4521 1133 4576 quem
1149 4509 1196 4596 p'l
1214 4513 1302 4567 fliz
1318 4509 1466 4570 nominant,

307 4585 705 4654 deoretnmeratexpeotandum.
722 4585 762 4642 Ita
769 4587 849 4644 tiebat
857 4593 886 4642 ut
893 4589 991 4646 incana
998 4605 1040 4645 res
1049 4590 1189 4646 admodum
1197 4595 1268 4646 essai
1274 4593 1353 4663 primi
1364 4594 1467 4648 mansis
