3186 5042
396 369 558 422 scateret
578 369 618 420 stt
637 369 708 421 tto.
728 367 853 420 ttttuto.
1164 353 1206 417 19

46 491 154 555 citime
178 489 275 541 Nostro
293 499 331 540 est
355 492 419 553 quod
435 493 461 541 itt
477 495 595 553 stuporem
613 491 722 551 conticit,
747 505 771 536 a.
788 507 810 540 c.
828 505 853 556 p.
866 489 915 536 oto
930 487 1015 555 (188).
1032 487 1063 538 Τ.
1082 488 1112 538 ΙΙ.
1131 503 1156 553 p.
1173 489 1205 536 88

47 574 131 642 μον).
150 577 199 625 nee
219 575 306 643 (tto).
323 575 356 626 τ.
371 576 414 623 ur.
440 591 466 643 p.
480 578 529 626 sec
551 577 637 641 (oce),
662 577 712 624 sea
729 573 815 639 (uuo).
843 575 893 622 too
909 571 1012 640 (sonu).
1035 574 1085 622 teo
1104 571 1206 638 (ιοεν).

45 663 92 710 488
113 661 221 728 (1088),
238 659 306 710 unde
322 655 474 728 έκπλήεετονς
492 669 531 711 est
547 662 720 710 admirabiliter
736 661 768 711 Τ.
783 661 826 708 111.
846 677 871 727 p.
889 661 938 708 184
960 657 1036 726 (880)
1055 654 1085 709 ist
1099 655 1144 709 τοῦ
1160 653 1206 708 έκ-

46 744 165 814 πλήκτεες
187 743 362 814 γεννήσαντος.
397 745 447 796 Hic
463 762 542 806 vero,
569 753 596 794 ut
622 746 653 795 Τ.
673 745 715 794 111.
742 761 767 810 p.
784 747 834 794 888
853 744 964 810 (1014),
983 741 1207 808 ἔκπληκτσςὶἀεαι

46 831 113 880 uniet
129 849 160 882 sc
177 833 231 883 Lat.
250 833 369 882 nunnitus.
403 829 454 880 Sed
480 831 587 881 fortasse
611 828 759 896 legentium:
787 827 962 898 ἐμπλήκτου,
987 843 1062 896 quum
1076 827 1142 900 ¹haec
1157 841 1209 878 non

46 916 96 966 sine
115 902 342 966 temeritatie'nota
359 914 480 966 dicantur.
517 914 593 966 cont.
609 913 753 982 superiora:
777 911 904 981 πρόφασιν
922 910 967 980 μἐν
985 907 1104 980 ἀγάπης,
1122 909 1206 980 τόλμῃ

46 999 74 1054 tt
91 1001 171 1068 (maie
187 1000 277 1068 vulgo:
304 996 425 1067 τόλμης
444 999 504 1067 δέ),
523 999 549 1050 id
567 1009 619 1050 est:
644 1005 768 1063 ρτοοέετῖν
783 1002 879 1062 quidem
896 1001 1002 1062 οιπονῖε,
1024 1011 1107 1061 reapse
1122 1003 1208 1048 οοπσεο

47 1089 177 1138 maurit.

113 1173 140 1221 P.
155 1175 204 1222 881
224 1171 311 1238 (117).
338 1178 459 1226 τεοιεῖν
484 1165 607 1225 οὐσίαν
634 1164 804 1238 ἄμορφον,
824 1169 902 1224 ciui
919 1165 1026 1238 φύσιν
1046 1164 1126 1237 εἶχε
1144 1163 1207 1234 iei-

47 1259 143 1310 λειαν
168 1256 297 1324 τεκεῖν]
317 1257 395 1308 Recte
412 1257 488 1322 habet
505 1255 624 1306 librorum
642 1255 753 1306 omniurn
771 1256 861 1308 lectio:
882 1255 935 1310 ciet
1018 1259 1109 1314 τεκεῖν,
1126 1269 1208 1321 neque

47 1351 97 1404 eet,
126 1341 243 1410 quotide
261 1359 323 1393 voce
341 1340 446 1408 θήλειαν
463 1341 488 1392 iu
507 1338 600 1408 θήλεια
618 1341 793 1392 commutando
812 1340 915 1410 cogites.
950 1339 1020 1392 Nihil
1037 1340 1063 1390 in
1081 1339 1150 1390 hisce
1166 1338 1207 1388 ei·

46 1425 135 1476 derunt
150 1429 241 1480 irtuttei
258 1440 285 1476 et
301 1429 434 1491 Eptpisnnii
451 1427 599 1495 interpretes
617 1427 710 1478 Latini.
746 1429 785 1478 Tu
804 1437 890 1478 verte:
919 1429 1013 1491 ηνεοῖεννι
1029 1430 1209 1488 οσαεειεῖσπεοισ

46 1519 93 1563 erut
110 1515 224 1576 [εειῖπσσι
238 1527 340 1576 parere,
357 1512 470 1564 nimirum
488 1512 582 1580 ubsque
599 1511 710 1580 coniugis
729 1511 896 1580 copulatione.
931 1511 1006 1562 Gooi'.
1023 1510 1071 1562 ists
1089 1509 1115 1560 in
1132 1527 1207 1577 pase-

47 1598 150 1664 greseis:
169 1615 194 1665 p.
210 1601 259 1647 880
277 1599 353 1666 (111)
372 1591 431 1651 ἄνευ
448 1598 498 1664 τῆς
515 1596 653 1663 έπεπλσαῆς
668 1598 713 1651 τοῦ
729 1596 838 1664 συζύγου
855 1597 899 1652 τοῦ
917 1595 1041 1662 Θελητοῦ.
1057 1604 1084 1644 et
1096 1593 1122 1644 in
1137 1611 1207 1662 seqq.

47 1700 69 1750 p.
83 1687 133 1733 881
153 1683 230 1750 (118)
249 1679 345 1749 καρπὸν
362 1677 458 1748 ἀσθενῆ
478 1682 523 1736 καὶ
540 1683 621 1750 iiiior
639 1676 717 1736 uitii
737 1683 843 1750 λέγουσι.
870 1693 897 1734 et
916 1699 941 1750 p
958 1685 1008 1732 840
1027 1681 1104 1748 (181)
1123 1672 1206 1745 ὥςπερ

48 1765 172 1835 έατρωμα.
208 1767 387 1836 interpretibus
407 1769 501 1819 lutinie
519 1778 545 1819 et
563 1771 689 1832 ttcuueto,
706 1766 798 1836 θήλεια
816 1767 967 1826 οοπὶἰοὶοοτί,
987 1767 1069 1818 fraudi
1088 1764 1138 1816 tuit
1156 1765 1207 1814 ior-

47 1853 110 1903 nuta
129 1851 206 1920 φύσιν
224 1851 307 1923 ἔχειν,
334 1870 397 1922 quae
424 1871 491 1906 nnnc
515 1853 630 1905 absolute
655 1853 756 1922 ponitur
773 1864 799 1904 et
823 1852 990 1904 accusativum
1011 1869 1066 1902 curn
1083 1850 1207 1902 infinitivo

47 1953 128 1987 secum
145 1937 235 2001 hebet,
254 1947 282 1988 ut
298 1939 348 1990 hoc
365 1938 422 1991 ioco
431 1977 440 2001 ,
458 1957 524 1991 nunc
542 1939 575 1990 ad
592 1939 729 1990 subiectum
747 1939 856 1990 refertur
873 1949 901 1990 et
917 1938 1066 1990 infinitivum
1083 1935 1207 1988 adsciscit.

48 2023 142 2073 Videtis
167 2041 221 2074 mea
247 2023 279 2074 sd
303 2027 336 2076 io.
356 2027 422 2087 σέγε.
443 2025 479 2076 De
496 2026 562 2076 Vera
579 2027 650 2093 Synt.
670 2025 724 2076 liat.
751 2041 777 2094 p.
794 2025 897 2075 xxut.
933 2023 1059 2076 Posterior
1083 2033 1208 2075 structura

49 2111 144 2161 obtinet
168 2128 209 2178 ap·
228 2112 388 2160 Ptolemaeum
407 2113 538 2173 Ερῖρλοπῖῖ
563 2129 581 2179 p
606 2114 656 2160 411
677 2111 754 2178 (181)
780 2110 824 2164 τοῦ
851 2104 949 2176 α’γαθοῡ
967 2108 1044 2176 φύσιν
1061 2109 1160 2180 έχοντος
1176 2103 1209 2162 τέ

50 2189 122 2262 ὅμοια
139 2193 231 2249 tentet
248 2193 293 2247 καὶ
310 2189 434 2260 σ’μοοῦσια
451 2197 537 2262 γεννᾶν
554 2193 599 2250 καὶ
615 2196 755 2264 προφέρειν.
775 2195 816 2246 ubi
834 2195 957 2262 interpres
976 2196 1032 2246 [αι.
1047 2195 1108 2246 satis
1125 2194 1205 2244 bene:

48 2296 97 2331 eunt
112 2283 138 2332 iri
153 2283 211 2332 buno
227 2283 322 2332 insitum
340 2283 371 2330 sit
387 2289 435 2330 cet.
472 2281 561 2332 Melius
578 2293 660 2332 umen
680 2292 777 2332 rertee:
798 2297 870 2345 quum
887 2284 973 2332 terrum
989 2286 1077 2332 notterc
1094 2283 1129 2332 itu
1145 2293 1209 2330 eort-

47 2372 157 2427 puratum
174 2370 218 2428 sit,
235 2371 262 2416 ut
279 2374 328 2416 cet.
347 2393 378 2405 -
415 2365 531 2416 Ceterum
557 2362 664 2420 eu'ciu
686 2359 842 2435 ἄμορφος
866 2375 904 2418 eet
929 2360 987 2433 ὕλη.
1025 2365 1099 2418 cnut.
1116 2383 1143 2435 p.
1158 2367 1208 2416 881

49 2449 122 2519 (118)
147 2449 263 2504 iutuitu
280 2449 381 2518 λέγουσι
397 2449 499 2518 πρώτην
527 2445 609 2521 ἀρχὴν
635 2450 773 2521 ἐσχηκέναι
788 2449 835 2520 τὴν
852 2445 940 2506 eicior
959 2452 1007 2518 τῆς
1033 2445 1097 2518 ὕλης
1114 2447 1145 2504 ist
1160 2451 1210 2518 τῆς

48 2529 146 2602 ἀγνοίας
163 2547 211 2588 cet.
238 2535 299 2587 ibid.
317 2532 431 2605 φυσιαην
454 2554 509 2590 τινα
533 2535 625 2598 eitiunt
650 2534 733 2604 ὁρμήν
758 2531 947 2606 τυγχάνουσαν,
974 2533 1087 2604 ἄμορφον
1111 2535 1141 2591 oi
1164 2533 1210 2588 καὶ

48 2613 153 2674 &retem
170 2617 215 2675 διὰ
231 2620 260 2675 τέ
279 2620 359 2689 μηδὲν
377 2623 537 2692 καταλαβεῖν.
566 2633 593 2674 οε
610 2623 675 2684 ista,
701 2621 734 2672 de
753 2621 910 2674 Acirsnrothi
925 2621 993 2672 «licta
1019 2640 1043 2690 p.
1060 2625 1110 2672 840
1129 2621 1207 2688 (188)

50 2703 96 2768 ἔξω
111 2703 160 2772 γὰρ
176 2703 264 2773 ontio
278 2705 376 2774 έγένετο
393 2706 437 2760 καὶ
453 2706 625 2775 πληρώματος
642 2701 758 2775 ἄμορφος
775 2707 820 2760 καλ
835 2703 957 2772 α’νεέδεος,
975 2700 1060 2772 οἵςπερ
1078 2704 1208 2773 έκτρονμο.

49 2787 89 2844 iti
111 2789 140 2844 ti
167 2790 247 2858 μηδὲν
272 2791 458 2860 κατειληφέναι.
494 2793 560 2844 Pone
587 2811 638 2844 non
656 2803 695 2843 est
712 2792 867 2862 quaerendus
885 2791 952 2859 apud
969 2794 1059 2844 Stoicos
1085 2792 1124 2856 (id
1140 2790 1209 2859 qnod

48 2875 121 2926 tniror
138 2876 217 2926 visunt
230 2879 319 2929 Ritteru
336 2877 401 2930 iiiut.
419 2878 510 2929 Philoe.
528 2880 559 2930 Τ.
571 2881 601 2929 V.
617 2879 723 2947 pete).
741 2877 787 2928 sed
798 2877 865 2945 apud
875 2880 996 2930 Piuinttettt
1011 2877 1077 2929 Tim.
1093 2894 1119 2944 p.
1127 2880 1167 2926 80.
1179 2877 1208 2929 D.

49 2954 155 3029 ἄμορφον
172 2953 200 3015 ἓν
215 2961 317 3016 έκεένων
334 2957 441 3016 ἀπασῶν
456 2966 507 3016 τῶν
525 2963 607 3024 ἰδεῶν,
627 2957 691 3025 ὅσας
709 2963 794 3030 μέλλοι
811 2961 933 3032 δέχεσθαί
947 2967 1031 3016 noter.
1049 2975 1076 3014 et
1089 2967 1207 3034 ρ.81.14.

50 3039 163 3112 α’νὸρατον
181 3043 252 3108 εἶδές
268 3065 293 3101 τι
310 3047 354 3102 seui
372 3042 502 3116 ἄμορφον,
520 3047 659 3118 πανδεχὲς,
684 3045 875 3118 μεταλαμβάνον
893 3047 922 3102 oi
940 3041 1091 3116 ἀπορώτοτοὶ
1108 3067 1145 3120 πη
1163 3047 1208 3104 τοῦ

50 3132 140 3198 νοητοῦ.
176 3131 289 3184 Indidem
307 3133 389 3184 hausit
406 3145 494 3185 auctor
517 3133 573 3184 libri
591 3134 702 3202 sapient.
718 3135 764 3186 ΧΙ.
781 3138 821 3186 tt.
837 3128 856 3199 η’
871 3130 1062 3200 παντσδῦνσμᾶς
1085 3151 1130 3189 σον
1152 3135 1208 3205 χεὶρ

50 3216 154 3270 κτίσασα
170 3215 214 3271 τὸν
229 3216 325 3286 κόσμον
340 3217 368 3281 ii
382 3215 501 3288 ἀμόρφου
519 3213 591 3287 ὕλης.
628 3222 809 3284 01ρνορ1οάονια
824 3219 963 3270 Comment.
978 3219 1004 3270 in
1020 3223 1084 3272 etot.
1101 3220 1178 3272 Alcib.
1190 3223 1207 3271 t.

51 3319 73 3370 p.
89 3307 144 3355 tte.
163 3303 203 3354 ed.
223 3304 309 3356 Crene.
327 3301 356 3358 τέ
376 3303 543 3369 δουλοπρεπές
559 3303 651 3372 πρέπον
670 3304 772 3371 (πρέπει
791 3304 852 3356 Cot.
871 3303 955 3370 Busii.)
973 3307 1009 3374 τῇ
1025 3299 1074 3375 ὕλη
1084 3341 1092 3366 ,
1111 3302 1149 3367 tie
1165 3303 1208 3360 tti-

52 3389 132 3456 σγροῑς
148 3388 193 3443 κοιλ
217 3385 346 3451 α’νειδέονς.
381 3393 418 3441 Es
436 3391 492 3442 cod.
510 3389 582 3441 iterii.
603 3390 728 3442 rescribe:
753 3387 790 3451 uir
814 3389 908 3459 αἰσχρᾷ
933 3389 978 3444 καλ
1001 3385 1117 3461 ciruitu·
1151 3391 1207 3444 viu

51 3474 174 3525 eninatr.
193 3475 218 3525 in
237 3478 263 3527 S·
281 3479 355 3528 Βσεέέ.
372 3478 391 3527 1.
410 3495 435 3546 p.
453 3479 477 3528 9.

115 3562 140 3610 P.
158 3565 207 3612 881
226 3561 311 3629 (111).
338 3559 677 3630 έγκαταγενομένην
694 3561 731 3617 ei
747 3556 976 3622 τοῖςπάξλεσι
992 3564 1117 3632 λαβεῖν
1133 3561 1208 3617 έπε-

53 3643 202 3715 οτροφην
227 3645 287 3700 καὶ
312 3645 370 3701 tet
395 3644 452 3702 riu
478 3646 613 3714 πατέρα
638 3643 858 3714 ἀναδραμεῖν
884 3647 1111 3716 πειραθῆναι]
1141 3649 1209 3700 iiuec

54 3728 187 3782 dictasunt
202 3735 422 3786 ethntouicorum
438 3733 562 3784 sententis
579 3733 611 3784 de
624 3731 765 3802 έπεστροφῄ
783 3743 809 3784 et
825 3726 911 3803 α’νέδῳ
929 3734 961 3784 ud
981 3737 1065 3786 Deum.
1103 3737 1139 3786 De
1156 3733 1209 3788 int·

53 3815 145 3885 στροφῇ
162 3835 242 3870 rerum
260 3818 292 3869 ad
313 3821 390 3868 Deum
411 3821 508 3871 Procius
524 3829 551 3869 et
568 3829 627 3870 ante
645 3819 714 3870 ilium
732 3819 818 3870 meiius
835 3819 911 3870 etiunt
927 3823 1054 3884 Dionysius
1068 3823 1209 3884 Ατεορορέῖσ

53 3903 177 3967 exposuit,
194 3906 299 3954 Pseiittm
315 3902 337 3953 ei
353 3903 439 3953 audias
458 3905 561 3965 Quaest-
579 3904 653 3973 Phys.
672 3905 697 3955 in
718 3905 799 3956 crum.
819 3905 911 3956 Anecd.
932 3905 1006 3958 Paris.
1023 3907 1053 3958 T.
1069 3907 1087 3956 1.
1106 3923 1130 3974 p.
1148 3909 1207 3956 tet.

53 3985 106 4034 virt.
122 3990 197 4040 Proct.
217 3988 299 4040 instit.
316 3989 405 4040 Theoi.
426 3989 488 4040 Pist.
506 4007 560 4057 cap.
576 3992 618 4040 81.
637 4006 662 4058 p.
678 3993 719 4040 88.
734 4007 771 4059 sq.
790 3990 830 4042 ed.
848 3991 960 4043 Creoner.
978 3993 1046 4044 cuiue
1064 3995 1209 4046 conseratur

54 4073 175 4125 snuotstio
192 4091 219 4143 p.
236 4077 277 4126 811.
295 4091 332 4142 ιη.
351 4085 378 4126 et
393 4074 419 4125 in
438 4077 522 4126 Pictin.
540 4093 566 4144 p.
584 4078 607 4134 8,
622 4078 643 4124 8.
658 4093 696 4143 sq.
731 4075 804 4126 Adde
818 4093 872 4126 mea
888 4076 913 4126 in
930 4077 1034 4129 Schoiiis
1051 4079 1084 4130 sd
1104 4080 1208 4132 Dissert.

53 4155 111 4207 Piut.
128 4177 151 4229 p.
169 4163 300 4210 188184.
337 4159 392 4210 Huc
416 4159 560 4227 portinent,
582 4175 647 4228 quae
665 4159 697 4210 de
716 4159 888 4222 Achamoths,
913 4161 1055 4228 Sapientiae
1072 4165 1138 4227 fitia,
1164 4165 1207 4218 tii-

56 4255 137 4295 euntnr
152 4265 177 4315 p.
193 4249 242 4297 841
260 4247 336 4313 (188)
351 4243 583 4313 έπισνμβεβηκέναι
600 4237 624 4300 8’
640 4237 708 4315 αὐτῇ
725 4245 770 4299 καλ
784 4244 871 4313 troo
883 4245 1013 4308 διάθεσιν,
1030 4245 1077 4316 την
1089 4254 1139 4320 τῆς
1154 4250 1208 4307 έπε-

55 4331 160 4397 στροφῆς
178 4342 225 4384 cet
243 4341 271 4382 et
287 4331 313 4382 iu
330 4347 400 4399 seqq·
424 4327 455 4382 ένι
473 4327 518 4395 μέν
535 4327 585 4396 γὰρ
601 4331 651 4396 τῆς
667 4328 823 4399 ἐπιστροφῆς
840 4342 888 4384 σεε.
924 4333 962 4383 De
977 4327 1064 4404 ἀνόδῳ
1079 4336 1112 4386 ad
1129 4339 1208 4390 Deum

55 4411 101 4462 dixi
122 4415 146 4466 in
165 4416 238 4468 fissit.
264 4416 379 4469 Plotinis.
405 4433 429 4484 p.
444 4417 485 4465 88.
521 4413 583 4466 Cum
608 4414 742 4483 proximis:
769 4415 827 4470 καλ
851 4415 967 4472 ἱκέτιν
992 4419 1051 4474 τοῦ
1075 4419 1208 4488 πατρὸς

55 4499 233 4565 γενέσθαι,
252 4503 319 4554 cont.
334 4505 416 4565 sures.
435 4499 528 4569 Hymn.
543 4501 588 4552 111.
606 4503 647 4552 88.
662 4517 700 4570 sq.
717 4495 843 4570 Ἐλέαιρε,
859 4498 948 4572 πάτερ,
963 4505 969 4569 Ι
984 4504 1116 4576 κου’ραν
1133 4506 1205 4576 tat.

55 4597 102 4638 τιν
117 4597 163 4640 σεε.
852 4615 860 4630 ·
