3166 5044
120 516 198 567 antor
213 515 253 565 est
268 509 327 566 libri
346 511 378 567 de
393 510 469 566 Locis
484 509 563 566 liebr.
580 525 658 581 quem
673 507 765 564 Latine
781 509 859 564 vertit
874 509 978 564 Hieron.
1010 507 1050 564 lbi
1070 510 1141 564 enim
1156 509 1189 564 sd
1205 509 1288 566 Hieri-

120 597 245 653 chuntem
261 598 385 664 collocat,
406 604 433 652 et
449 597 629 651 Samaritanus
645 595 775 650 mendacii
792 596 892 666 arguit,
914 597 958 666 qni
974 595 1080 650 eosdem
1090 613 1171 668 prope
1182 596 1288 653 Sichem

119 684 176 738 sire
188 684 335 740 Samariam
347 684 545 738 constituebant.
567 683 602 736 At
612 681 737 753 Iosephus
749 681 793 734 lib.
806 699 841 736 ιν.
854 697 911 752 cap.
925 699 981 737 rur.
999 681 1220 736 Samaritanorum
1232 685 1287 754 opi-

119 771 194 824 nioni
202 771 372 842 suffragatur:
385 786 433 823 nec
442 787 496 823 non
508 773 533 822 et
543 769 588 822 lib.
601 785 637 821 rr.
646 784 741 831 c.vrrr.,
752 768 798 820 ubi
810 767 841 820 de
852 767 959 836 templo,
971 765 1187 837 quodAlexaudri
1195 769 1287 838 Magni

119 861 237 927 tempore
255 875 271 910 a
288 855 459 911 samaritanis
475 855 502 908 iu
515 853 619 908 Garirin
635 857 782 907 extructum
800 859 851 918 eet,
869 851 1004 907 historiam
1019 853 1144 924 explicat:
1162 869 1241 924 quam
1257 859 1286 908 tu

119 944 236 999 consule.
264 943 317 998 Sed
331 941 448 995 omnium
460 940 656 994 accuratissime
666 939 698 992 de
711 938 824 992 Gerizim
836 945 862 991 et
872 939 978 992 Hababa
990 939 1042 992 situ
1054 939 1157 993 disserit
1168 941 1286 994 eruditis·

119 1029 202 1082 simus
213 1030 314 1084 ldasins
327 1028 360 1081 ad
371 1043 428 1099 cap.
440 1045 496 1080 rur.
519 1026 609 1092 lesus,
623 1032 650 1078 et
661 1025 784 1078 adversos
795 1026 966 1080 Mercatorem
982 1024 1114 1078 Samariae
1126 1027 1300 1098 propinquos·

118 1115 185 1168 istos
198 1131 256 1169 esse
268 1115 348 1169 colles
359 1114 477 1186 pluribus
489 1112 649 1183 argumentis
661 1111 783 1166 affirmat.

187 1199 235 1255 No.
248 1218 283 1256 εν,
301 1198 363 1254 'inb
376 1195 423 1272 γάρ
435 1197 524 1251 τούτου
536 1201 580 1250 τοῦ
593 1193 704 1270 ἄρθρου]
725 1197 826 1268 Arguta
837 1195 900 1250 haee
913 1197 1058 1252 observatio
1072 1197 1163 1252 Graeci
1175 1199 1285 1264 articuli,

120 1287 165 1357 qni
181 1286 215 1340 ad
233 1291 318 1359 νεκροῦ
335 1285 492 1340 vocabulum
508 1285 643 1356 appositus
661 1289 712 1348 eet,
729 1283 784 1336 vim
801 1281 880 1336 habet
896 1284 1002 1338 omniuo
1019 1284 1133 1350 nullam,
1154 1289 1183 1340 ut
1200 1301 1284 1355 neque

118 1373 177 1428 loca
189 1379 294 1428 caetera
305 1389 372 1444 quae
383 1371 532 1426 inmutanda
540 1371 625 1441 gratia
636 1369 761 1439 congerit

186 1457 236 1514 Ne.
249 1477 274 1515 ν.
292 1457 432 1530 Παραδόοει
444 1461 474 1528 τῇ
486 1455 657 1528 προαχθείαῃ.]
676 1453 740 1525 lieg.
753 1452 929 1524 προσαχθείσῃ,

468 1679 514 1734 nl>
532 1675 736 1734 ESSENORUM
752 1675 927 1732 mansne.

187 1801 255 1866 Quid
270 1802 299 1856 in
310 1807 424 1856 mentem
436 1800 579 1872 Epiphanio
591 1797 703 1864 venerit,
718 1801 749 1852 nt
759 1797 871 1852 Essenos
884 1797 1056 1852 samaritanis
1069 1803 1227 1864 ascenaeret,
1246 1800 1282 1852 di-

119 1889 208 1942 vinare
224 1905 278 1942 nou
293 1905 410 1958 possum.
443 1887 511 1941 Nam
528 1884 599 1956 qued
614 1899 746 1940 occurrere
762 1889 860 1954 potest,
877 1899 960 1953 genus
976 1883 1106 1954 quoddam
1123 1885 1282 1939 bissenorum

116 1975 200 2029 inisse
216 1989 233 2026 a
248 1973 318 2026 uotis
333 1973 386 2026 illis
402 1979 429 2026 et
439 1972 612 2026 sanctioribus
623 1971 767 2034 diuersum,
782 1970 920 2040 probarem
932 1969 1065 2040 equidem,
1082 1971 1105 2022 si
1116 1971 1185 2041 apud
1197 1970 1281 2024 Philo·

117 2075 178 2115 nem
196 2065 243 2112 aut
254 2057 404 2129 losephum,
422 2059 467 2130 qni
484 2059 516 2112 de
527 2057 685 2111 &senorum
702 2056 854 2126 generibus,
870 2056 995 2110 institutis
1006 2071 1038 2110 ao
1049 2057 1166 2110 moribus
1178 2073 1280 2110 meum-

117 2146 218 2199 lissime
235 2145 405 2216 seripserunt,
422 2143 563 2214 uestigium
579 2142 683 2215 aliquod
700 2157 828 2196 novorum
838 2143 948 2195 istorum
959 2158 991 2195 au
1001 2143 1175 2212 posteriorum
1187 2143 1280 2196 existe-

117 2237 163 2286 ret.
194 2231 270 2284 Nunc
283 2247 342 2283 cum
353 2245 437 2300 neque
449 2230 493 2283 isti
509 2245 557 2282 nec
573 2229 639 2282 alius
657 2228 796 2299 quisquam
806 2228 848 2281 vel
859 2228 990 2282 levissima
1002 2228 1156 2298 significarit
1166 2227 1280 2282 Essenos

116 2334 176 2372 cnm
188 2316 360 2370 Samaritanis
377 2331 515 2370 commune
532 2315 665 2386 quippiam
681 2313 817 2380 habuisse,
832 2330 943 2384 cumque
953 2314 1020 2368 iuter
1030 2313 1183 2367 Iudaeorum
1195 2319 1280 2367 sectas

117 2402 256 2474 alosepho
273 2405 457 2455 recenseantur
471 2399 578 2466 Esseni,
596 2405 703 2472 apparet
718 2402 832 2471 primum
847 2416 931 2471 neque
942 2400 1101 2454 Esseuorum
1117 2400 1197 2454 ullam
1213 2401 1280 2455 inter

117 2488 298 2542 samaritanos
321 2486 402 2540 inisse
422 2492 534 2552 sectam,
555 2502 639 2556 neque
656 2485 830 2557 Epiphaniam
847 2486 917 2540 aliud
932 2486 1090 2542 Essenorum
1106 2503 1202 2557 genus,
1220 2503 1279 2540 cum

117 2573 290 2628 Samaritanis
302 2571 466 2638 adscriberet,
477 2573 646 2638 intellexisse,
658 2587 736 2643 quam
749 2573 944 2626 celeberrimum
956 2589 987 2626 ac
998 2572 1207 2626 laudatissimum
1215 2573 1280 2626 illud

117 2675 230 2730 quornm
247 2659 368 2712 instituta
383 2657 456 2712 Philo
469 2675 499 2712 ac
510 2657 635 2730 Iosephus
647 2657 774 2712 uberrime
785 2659 996 2729 perscripserunt.
1026 2658 1190 2728 Quamquam
1202 2659 1279 2712 Osse·
1305 2663 1365 2716 pas.

118 2763 166 2802 nos
178 2751 271 2817 postea
281 2745 349 2798 inter
359 2744 478 2798 iudaicae
494 2749 578 2798 sectas
590 2749 787 2808 commemorat,
800 2745 845 2815 qni
856 2745 933 2797 iidem
945 2761 1003 2798 cum
1016 2743 1121 2798 &senis
1132 2743 1259 2796 ridentur.

185 2827 256 2884 Μετά
272 2831 372 2891 τούτους
389 2830 506 2902 Γορθηνοί
523 2829 692 2900 derelinquam]
715 2828 849 2894 Quomodo
868 2829 993 2882 Gortheni
1009 2827 1069 2900 πρὸς
1086 2826 1210 2895 ἀλλήλους
1228 2829 1279 2882 dis·

118 2917 215 2971 sentire
232 2921 388 2988 coeperunt?
404 2915 472 2970 Nam
489 2917 561 2970 uuila
577 2915 619 2970 hio
632 2913 821 2968 Gortheuorum
839 2913 960 2980 divortia,
976 2920 1060 2968 sectas
1076 2915 1162 2968 nullas
1174 2932 1278 2969 enumea

118 3009 167 3057 rat:
186 3007 215 3057 et
230 2999 371 3073 ἀπεξήγηοις
388 3001 434 3056 ille
451 3017 517 3072 quae
533 3001 681 3056 subiicitur:
700 2999 761 3070 φημί
774 2997 800 3052 δὲ
812 3000 886 3070 μέσον
899 2999 1037 3069 Σεβουαίων
1050 2999 1090 3053 καί
1099 2998 1225 3066 Ἐσσηνῶν
1238 3001 1277 3053 καί

118 3088 262 3159 Γορθηνῶν,
280 3089 367 3158 arguit
383 3087 411 3140 rb
430 3087 490 3160 πρὸς
508 3085 630 3154 ἀλλήλους
648 3103 701 3139 nen
718 3081 751 3138 ad
768 3086 839 3140 solos
856 3085 1015 3151 Gorthenes,
1037 3087 1083 3141 sed
1099 3087 1130 3140 ad
1148 3093 1200 3140 tres
1218 3085 1276 3150 ὅλας

118 3181 201 3228 motas
223 3173 361 3244 periinere.
390 3173 468 3244 Atqui
492 3174 620 3242 διαφωνεῖν
640 3169 701 3242 caphe
718 3168 842 3239 ἀλλήλους
859 3171 956 3226 Graece
972 3189 1026 3226 non
1042 3179 1083 3227 est
1098 3172 1158 3244 προς
1177 3168 1275 3234 ἄλλους.

117 3259 238 3314 Sermusa
253 3259 336 3329 igitur
352 3255 442 3320 ἄλλους
457 3275 504 3330 pre
522 3256 644 3324 ἀλλήλους
660 3257 878 3312 substituendum.
906 3258 1057 3312 Postulabat
1072 3257 1087 3326 ἡ
1105 3255 1279 3314 &selestiani

118 3363 162 3417 pre
174 3343 296 3416 Γοράηνοί
307 3344 462 3398 scriberetur
474 3343 496 3396 et
507 3343 603 3412 λοιποί,
616 3343 657 3397 vel
669 3349 753 3398 sectae
764 3351 816 3398 tres
827 3351 1030 3399 recenserentur.

182 3429 216 3483 Ὀ
233 3430 309 3500 νόμος
326 3427 454 3497 lustrem]
475 3431 570 3483 Mirum
587 3429 711 3501 estquod
728 3429 845 3485 hocloco
858 3437 958 3485 namet:
977 3431 1197 3486 Samaritanorum
1209 3433 1276 3487 inter

117 3533 144 3570 se
160 3515 299 3571 dissidium
316 3515 349 3569 ab
367 3515 425 3569 odio
443 3520 469 3569 et
485 3515 578 3586 iurgiis
593 3531 725 3582 manasse,
748 3517 817 3587 quod
834 3518 952 3571 sanatio
970 3533 1030 3570 curn
1047 3517 1147 3570 ludaeis
1165 3525 1276 3573 exercet.

116 3601 182 3657 Nem
200 3603 224 3656 si
241 3617 302 3656 cum
316 3602 541 3674 praetereuntibus
558 3601 660 3656 Indaeis
676 3595 840 3669 rixabantur,
859 3619 925 3673 quae
936 3619 1016 3656 causa
1027 3603 1076 3656 luit
1086 3619 1132 3656 cur
1143 3619 1160 3656 a
1171 3621 1199 3658 se
1209 3605 1275 3658 invi-

116 3705 172 3743 cem
191 3687 376 3742 dissentirent?
401 3686 459 3740 Non
479 3687 505 3740 id
524 3689 637 3758 explicat
654 3687 827 3759 Epiphanius,
849 3695 875 3742 et
896 3689 966 3742 aliud
988 3689 1044 3760 agit
1065 3689 1177 3745 omnine.
1216 3691 1275 3744 Ete-

115 3775 169 3828 nim
186 3770 362 3844 συμπληγάδες
378 3772 443 3827 istae
459 3789 512 3828 uon
529 3779 591 3828 suut
607 3775 657 3826 τῶν
675 3773 832 3845 Σαμαρειτῶν
850 3774 910 3845 πρὸς
923 3770 1059 3844 ἀλλήλους,
1083 3773 1128 3826 sed
1145 3775 1205 3846 πρὸς
1218 3775 1274 3838 τοὺς

116 3857 258 3921 Ἰουδαίους.

25 4011 29 4022 ·
180 3941 262 3997 ’mu
273 3943 314 3997 καί
325 3941 365 3996 ὅτε
378 3943 501 4016 ᾠκοδόμει
512 3941 641 4017 Ἔσδρας]
658 3945 716 3999 Due
728 3945 768 3999 hic
780 3946 806 3999 in
818 3945 963 4017 Epiphanio
974 3943 1138 4016 reprehendit
1148 3944 1273 4018 Scaliger,

115 4029 237 4096 alterum,
261 4029 331 4101 qnod
350 4031 383 4084 ab
406 4029 488 4084 iisdra
503 4031 647 4084 instaurata
661 4031 842 4102 Hierosolyma
858 4031 964 4097 dixerit,
987 4049 1047 4086 cum
1063 4030 1197 4098 Neemiae,
1220 4049 1273 4088 non

114 4116 222 4182 nem,
232 4115 260 4169 id
271 4117 367 4187 egerit3
379 4117 501 4183 alterum,
518 4115 588 4187 quod
599 4117 776 4172 Samaritanus
788 4133 893 4189 operam
905 4133 980 4172 suam
992 4118 1025 4171 ad
1036 4133 1095 4171 eam
1106 4115 1272 4173 refectionem

115 4202 238 4257 detulisse
254 4203 363 4268 scribat,
381 4202 450 4272 quod
465 4209 555 4256 contra
566 4201 724 4273 Scripturam
737 4219 794 4256 esse
806 4203 894 4257 credit.
923 4205 975 4258 Sed
986 4205 1013 4257 in
1025 4204 1106 4258 altero
1118 4203 1270 4274 κακοήθειαν,

114 4289 140 4343 in
150 4289 234 4343 altere
245 4293 379 4360 stuperem
391 4303 472 4348 snum,
479 4288 572 4360 arguit
602 4287 703 4341 Etenim
715 4293 895 4360 praeterquam
907 4289 976 4360 quod
987 4289 1082 4344 Esdras
1094 4305 1154 4344 cum
1165 4289 1272 4344 Neemia

114 4375 178 4430 vixit
192 4379 221 4428 et
234 4374 295 4428 urbi
311 4373 493 4428 instaurandae
504 4373 629 4445 praefuit,
645 4379 675 4426 ut
686 4389 719 4426 ex
731 4373 852 4429 Neemiae
864 4391 921 4445 cap.
934 4391 994 4441 vrrr,
1006 4374 1030 4429 i.
1048 4380 1074 4428 et
1085 4393 1136 4442 κει,
1154 4375 1194 4431 26,
1212 4393 1270 4446 pre·

114 4459 157 4514 hat
172 4459 320 4526 Serrarius,
335 4459 399 4514 illud
415 4457 538 4530 ᾠκοδόμει
554 4457 715 4530 Ἰερουσαλὴμ
732 4461 839 4514 comiter
855 4459 1032 4530 accipiendum
1044 4467 1097 4527 est,
1114 4469 1144 4514 ut
1154 4461 1187 4514 ad
1198 4462 1270 4515 orbis

114 4553 212 4617 partem
227 4545 356 4617 aliquam,
371 4545 515 4600 cuiusmodi
526 4547 652 4616 templum
663 4551 731 4612 erat,
748 4547 884 4618 pertineat.
911 4546 977 4599 lllud
988 4563 1049 4600 rere
1061 4547 1271 4602 dementissimae

115 4633 244 4688 nectutis
261 4637 316 4698 est,
330 4645 428 4703 negare
439 4631 615 4686 Samaritanus
628 4632 712 4703 operis
723 4633 900 4704 participasse
912 4647 970 4686 esse
981 4633 1047 4689 velle
1058 4649 1120 4706 prae
1131 4648 1160 4688 se
1172 4633 1269 4700 tulisse,
