3104 5038
1062 318 1245 388 CCLXXXIX

90 491 230 540 censentur.
250 485 298 540 list
309 487 378 542 enim
391 485 423 540 ad
436 483 559 540 &entem
572 501 635 550 uua,
649 485 729 539 altera
741 485 773 538 ad
784 483 946 556 Euphraten,
959 486 1009 540 alia
1021 487 1047 540 in
1060 485 1161 550 cilicia,
1174 485 1245 538 etde

89 574 191 644 reliquis
204 574 303 627 sileam.

151 657 269 718 Εὐδόξιος
282 653 434 724 intereras]
466 656 524 710 Non
536 659 615 710 alium
628 659 718 727 opinor
731 673 786 710 esse
800 672 877 727 quam
890 657 1086 711 Antiochenam.
1118 657 1165 709 ilic
1176 656 1245 709 enim

88 745 252 797 coniunctam
265 759 323 796 curn
336 744 430 796 Acacic
442 755 560 796 caussam
574 741 677 808 habuit,
695 759 753 795 cum
771 759 854 812 eoque
871 743 898 795 in
910 742 1069 796 Seleuciensi
1086 747 1213 795 conventu
1229 757 1246 793 a

88 829 254 882 Semiarianis
266 830 293 882 in
310 829 426 883 ordinem
442 827 560 881 redactus
583 827 695 882 vicissim
714 827 772 880 illos
790 829 817 880 in
832 827 1119 898 Constantinopolitano
1138 827 1244 880 coneilio

88 915 204 985 perculit.
228 913 279 967 Sed
296 915 318 967 si
335 915 358 966 is
375 919 426 978 est,
443 914 536 966 mhum
548 913 634 978 valde,
652 913 782 984 quomodo
794 931 846 966 non
859 918 919 984 post
931 913 1072 983 Georgium
1085 912 1176 965 saltem
1189 912 1245 964 Ale·

87 1001 244 1053 randrinum
256 999 443 1070 subscripserit,
457 999 601 1069 quietique
614 1004 673 1052 ante
686 999 823 1052 orientales
836 1005 861 1052 et
872 998 952 1067 Syros
965 998 1100 1068 episcopos
1112 998 1246 1050 nominan-
1271 1017 1293 1057 p.
1302 1006 1345 1050 aar.

88 1085 134 1138 dus
146 1085 205 1140 tuit

154 1167 308 1246 Παγκράτιος
320 1167 454 1230 ἐπίσκοπος
466 1169 625 1238 Πηλουσίου]
661 1169 711 1234 Qui
729 1176 754 1222 et
765 1169 900 1224 Sirmiensi
916 1170 1005 1224 tertiae
1022 1169 1177 1239 professioni
1188 1185 1247 1222 tum

88 1257 189 1321 Marem
200 1255 299 1308 Basilio
312 1269 341 1307 ac
354 1256 462 1308 caeteris
474 1257 668 1326 subscripserat

154 1340 187 1396 N.
200 1359 282 1396 xxrrr.
306 1339 336 1392 Oi
348 1343 467 1410 νουνεχεῖς
480 1341 588 1408 ταύτην.]
612 1341 705 1396 Variae
723 1347 784 1395 sunt
800 1343 832 1394 ab
846 1341 947 1394 Arianis
963 1341 1072 1394 diversis
1088 1341 1247 1410 temporibus

89 1427 172 1479 editae
183 1425 358 1496 professiones
369 1423 442 1490 fidei,
456 1442 563 1496 qnorum
575 1443 669 1481 norem
682 1429 787 1480 omnino
800 1425 832 1479 ad
842 1425 1154 1496 Constantinopolitanum
1166 1443 1248 1496 nsque

89 1512 301 1577 conciliabulum,
320 1511 388 1581 quod
400 1527 416 1563 a
428 1509 586 1565 Seleuciensi
598 1512 715 1582 proxime
728 1517 767 1566 est
778 1512 908 1576 habitum,
926 1519 1041 1564 recenset
1052 1511 1184 1577 Socrates,
1202 1509 1248 1564 sed

90 1603 113 1649 et
125 1595 283 1649 Athanasius
297 1597 341 1650 lib.
354 1597 385 1650 de
398 1595 503 1664 Synod,
516 1613 548 1650 ex
567 1613 617 1667 quo
635 1603 722 1650 tamen
741 1597 829 1650 decem
848 1597 1011 1667 colliguntur.
1038 1596 1107 1660 Quas
1124 1597 1173 1650 hoc
1190 1597 1247 1650 loco

90 1683 217 1752 attingam
229 1682 348 1735 breviter.
379 1707 384 1724 ·

154 1767 246 1820 Prinna
262 1765 322 1820 tidei
338 1764 428 1828 ε’κύεσις
442 1767 592 1821 Antiochiae
611 1769 790 1821 encaeniorum
809 1774 923 1839 tempore
942 1767 1038 1838 scripta
1055 1767 1203 1821 Marcellino
1222 1773 1248 1821 et

90 1853 199 1906 Probino
212 1869 279 1906 coss.
292 1869 314 1905 a.
325 1867 430 1908 cccxnr.
444 1853 488 1906 ubi
501 1852 531 1906 de
544 1851 614 1923 οὐσίᾳ
627 1854 733 1906 uerbum
745 1853 853 1906 nullum.
1025 1842 1029 1852 ’

154 1937 274 1991 Secunda
285 1939 312 1991 in
325 1938 415 1992 eodem
424 1939 595 1992 conciliabulo
608 1937 686 2002 edita,
698 1939 775 2009 paule
785 1939 895 2008 longior,
908 1939 953 1993 ubi
962 1939 1045 1994 filium
1059 1943 1177 2008 μονογενῆ
1193 1937 1246 1990 debu

91 2039 119 2076 ac
131 2027 173 2090 τῆς
185 2023 269 2084 οὐσίας
279 2021 359 2076 εἰκόνα
369 2025 542 2077 nominarunt.

160 2109 248 2162 Tertia
269 2107 364 2162 ibidem
381 2125 398 2160 a
413 2107 592 2179 Theophronio
611 2109 767 2180 conscripta,
789 2127 854 2180 quae
873 2117 897 2164 et
915 2110 998 2172 οὐσίας
1016 2111 1170 2164 vocabulum
1188 2126 1247 2179 sup·

90 2193 184 2264 primii.

160 2279 262 2340 Quarto
274 2296 370 2350 paucos
382 2286 442 2350 post
453 2297 555 2333 menses
568 2297 612 2351 per
624 2280 786 2346 Narcissum,
804 2283 911 2346 diatim,
929 2284 1044 2352 aliosque
1062 2283 1089 2336 in
1102 2281 1199 2336 Gallias
1216 2281 1247 2334 ad

91 2365 260 2418 Constantem
277 2365 364 2418 missa
399 2365 427 2418 In
439 2363 488 2418 hac
501 2365 616 2418 damnati
628 2367 673 2437 qui
685 2367 798 2420 moerent
810 2365 833 2427 ἐξ
846 2367 890 2418 οὐκ
903 2362 980 2419 ὄντων
993 2369 1034 2419 cbo
1047 2367 1106 2437 debe,
1123 2369 1139 2433 ἢ
1158 2365 1181 2427 ἐξ
1199 2363 1248 2418 ἑτέ-

92 2469 133 2518 ρσς
145 2447 316 2518 ὑποστάσεως,
335 2449 374 2501 καί
392 2449 425 2519 μὴ
440 2447 589 2503 toreuticen
603 2451 723 2522 γενέσθαι,
741 2452 883 2506 enituisse
902 2453 1039 2523 aliquando
1057 2459 1171 2523 tempus,
1189 2469 1248 2505 eum

91 2551 142 2588 non
154 2541 232 2591 esset.

159 2623 255 2682 Quinte
266 2626 326 2691 post
337 2623 476 2675 triennium
486 2623 513 2675 iu
526 2621 627 2674 ltaliam
639 2623 719 2674 missa
733 2623 910 2691 μακρύστιχος,
929 2621 977 2675 hoc
995 2627 1034 2675 est
1048 2621 1150 2692 longior
1162 2624 1248 2692 appel-

92 2707 150 2761 lata.
185 2705 269 2770 Quam
286 2706 389 2776 quidem
401 2706 551 2761 Antiochiae
567 2711 715 2760 contextam
732 2707 758 2758 in
775 2707 912 2758 annalibus
928 2709 1034 2776 reperio.
1070 2706 1121 2759 Sed
1137 2706 1186 2759 hoc
1205 2723 1248 2760 ne-

92 2809 140 2860 que
161 2793 283 2845 Socrates
305 2808 334 2844 ac
355 2791 514 2846 sozomenus
536 2809 619 2862 neque
637 2791 793 2844 Athanasius
815 2791 936 2844 referunt.
977 2792 1005 2846 ln
1028 2807 1079 2862 qua
1101 2795 1142 2858 τῆς
1165 2792 1248 2852 οὐσίας

92 2879 187 2930 mentio
205 2877 285 2930 nulla.

155 2963 234 3015 Sesto
249 2963 277 3015 in
293 2963 399 3016 concilio
416 2963 551 3016 Sirmiensi
568 2969 658 3016 contra
669 2959 807 3015 Photinunr
825 2963 892 3016 edita
910 2979 977 3016 anno
992 2977 1086 3028 eccur,
1105 2963 1135 3016 dc
1154 2979 1205 3033 qua
1222 2964 1247 3014 in

91 3049 266 3118 superioribus
279 3047 381 3100 abunde
393 3048 489 3102 dictum
502 3055 548 3101 est.
813 3095 817 3114 ,

157 3133 270 3204 Septima
282 3132 369 3186 Sirmii
381 3149 448 3186 armo
462 3149 576 3188 ccccvii.
590 3133 680 3186 Latine
693 3135 789 3202 scripta
801 3140 852 3198 eet,
865 3133 895 3186 de
909 3149 971 3202 qna,
985 3139 1013 3186 ut
1026 3133 1094 3187 etde

160 3219 272 3284 Octava,
283 3234 350 3288 quae
359 3219 502 3272 Ariminum
515 3220 612 3289 perlata
625 3225 665 3271 est
677 3220 872 3289 conscriptaque
886 3235 953 3271 anno
967 3235 1085 3282 coenum,
1098 3220 1160 3272 satis
1173 3225 1249 3273 antea

90 3303 287 3374 disputavimus.

159 3389 236 3441 Nono
248 3393 288 3441 est
300 3389 427 3442 Acaciana
439 3387 570 3442 Seleuciae
582 3389 728 3458 proposita,
745 3405 823 3458 quarn
839 3405 897 3442 cum
910 3389 1044 3442 Sirmiensi
1055 3391 1130 3444 tertia
1142 3407 1249 3446 consen·

89 3473 139 3526 tire
151 3479 254 3526 autores
265 3473 334 3526 illius
347 3481 473 3527 asserunt.

159 3559 269 3611 ,Decimo
279 3557 503 3629 Constantinopoli
515 3560 548 3611 ab
562 3559 666 3624 Acacic,
678 3559 809 3624 Eudoxio,
822 3559 930 3630 aliisque
943 3559 1061 3614 conflata.
1084 3560 1155 3625 Quae
1168 3560 1249 3620 οὐσίας

88 3651 117 3696 et
129 3641 284 3703 ὑποστάσεως
297 3645 401 3696 nomine
413 3645 608 3696 commemorari
620 3651 700 3709 vetat,
719 3644 830 3698 similem
848 3649 934 3698 tamem
951 3647 1018 3716 patri
1035 3645 1118 3700 filium
1135 3663 1192 3698 esse
1208 3645 1250 3698 de·

86 3728 155 3782 linit.
190 3729 236 3782 llis
253 3731 408 3781 undecimam
427 3727 498 3782 addit
511 3728 670 3783 Athanasius
682 3729 833 3783 Antiochiae
851 3730 883 3784 ab
901 3731 993 3783 iisdem
1010 3731 1067 3784 istis
1084 3732 1249 3802 publicatam,

85 3813 135 3865 uhi
146 3814 305 3884 superiorem
317 3814 497 3878 emendarunt,
515 3830 545 3866 ac
558 3815 709 3868 dissimilem
721 3813 801 3884 patris
813 3814 895 3867 tilium
908 3815 1028 3870 audacter
1039 3817 1249 3888 pronuntiarunt.

86 3897 164 3951 Unde
176 3899 302 3952 Anomoei
314 3904 340 3952 et
351 3897 514 3960 Ἐξουκύντιοι
526 3901 650 3970 appellari
662 3907 809 3970 coeperunt.

158 3981 189 4036 il.
202 4001 290 4036 xrxrr.
315 3982 360 4034 liei
371 3985 466 4054 νύκτωρ
480 3985 657 4054 φυγαδεύεται]
686 3985 731 4037 Bis
744 3983 881 4038 Antiochia
892 3987 982 4054 pulsus
996 3991 1036 4038 ast
1046 3985 1174 4039 Meletius.
1197 3983 1249 4040 Pri-

83 4083 163 4122 mum
175 4081 192 4120 a
203 4067 367 4132 Constantio,
385 4069 453 4138 quod
465 4069 590 4122 Arianum
602 4069 697 4140 dogma
709 4070 829 4134 minime,
848 4071 885 4122 uti
897 4087 956 4141 spes
968 4077 1034 4135 erat,
1049 4071 1153 4124 foveret.
1188 4069 1250 4125 lude

83 4171 102 4206 a
115 4153 236 4208 Valente.
271 4153 336 4206 Nam
349 4155 397 4205 sub
409 4153 515 4207 loriano
529 4153 679 4206 Antiochiae
691 4155 830 4207 concilium
842 4153 944 4220 habuit,
963 4157 989 4208 in
1008 4173 1059 4226 quo
1070 4155 1251 4211 Macedoniani

81 4247 112 4293 et
127 4239 251 4291 Acaciani
261 4237 403 4292 Nicaenam
420 4237 498 4292 iidem
516 4238 630 4308 amplexi
647 4244 716 4292 sunt.
740 4239 859 4292 Socrates
872 4241 917 4294 lib.
927 4259 966 4295 nr.
980 4257 1035 4310 cap.
1044 4260 1098 4298 xri.
1132 4240 1194 4294 Post
1210 4241 1249 4295 io·

80 4325 161 4377 viani
178 4323 278 4377 obitum
296 4339 312 4376 a
327 4323 435 4378 Valente
452 4324 589 4392 relegatur,
610 4329 639 4375 nt
656 4324 723 4376 idem
740 4323 785 4378 tib,
800 4343 833 4378 rr.
852 4341 907 4394 cap.
922 4344 949 4380 rr.
969 4327 1113 4396 caeterique
1130 4326 1249 4397 produnt.

80 4409 265 4475 Quamobrem
278 4409 346 4478 quod
359 4407 448 4463 scribit
459 4407 632 4478 Epiphanius,
649 4407 695 4468 ἕως
708 4410 795 4460 τούτου
808 4413 851 4460 τοῦ
864 4411 968 4480 χρόνου,
986 4428 1039 4464 non
1056 4413 1094 4465 sie
1106 4412 1250 4482 intelligen-

78 4498 154 4549 dum
166 4499 219 4558 est,
235 4499 266 4546 ut
281 4499 433 4564 perpetuum
444 4509 461 4547 a
472 4493 617 4550 Constantii
628 4499 744 4564 tempore
755 4495 832 4549 inerit
844 4497 959 4549 exilium.
983 4495 1021 4550 De
1032 4495 1136 4552 Meletio
1149 4515 1209 4550 rere
1221 4513 1251 4550 ao

141 4595 387 4647 Garmldaermolfll.
1027 4597 1049 4652 Τ
