3104 5038
291 325 383 386 OOOX

290 483 376 546 batur,
390 485 437 536 aut
448 495 465 554 a
475 480 594 536 limlibue
611 479 792 552 usurpabatur.
826 480 902 546 Quod
918 497 953 536 ex
970 479 1077 536 Socrate
1093 481 1220 552 primurm
1236 483 1295 536 loco
1311 481 1358 536 illo
1375 497 1450 551 qaam

290 568 369 640 paulo
385 573 447 622 ante
460 567 607 632 citavimus,
624 567 785 636 intelligitur,
803 567 850 620 ubi
861 569 890 633 τῆ
902 567 998 636 τετράδι
1010 566 1050 618 καί
1062 571 1202 638 separanti
1214 583 1330 637 synam
1341 567 1449 620 Alexn-

291 653 361 708 dnae
372 653 429 708 ficri
440 653 536 716 scribit,
549 652 607 723 δίχα
621 655 663 718 τῆς
676 653 725 704 τῶν
737 651 876 723 μυστηρίων
889 651 993 719 τελετῆς.

259 770 266 786 ·
357 739 425 792 Tum
436 738 555 792 universe
566 737 598 792 de
610 738 786 792 Orientalibus
798 754 829 792 ac
842 737 948 792 Graecis
959 739 995 792 ite
1006 743 1094 808 potest
1104 737 1205 792 confici
1231 737 1334 792 annm
1351 753 1397 808 per
1411 755 1450 791 so·

289 825 380 880 lennes
391 823 546 878 ieiuniorum
558 823 612 878 dies
624 825 750 893 mysteria
760 825 833 878 nulls
845 829 872 876 et
888 824 1015 878 sacrificia
1030 824 1230 894 peragebantur,
1247 837 1332 893 neque
1349 823 1450 894 publice

289 926 320 964 ac
335 909 451 979 legitime
468 910 695 964 communicabant
711 908 809 964 fideles.
839 907 908 964 Nam
924 895 1100 964 Laodicenum
1117 910 1257 963 concilium
1268 925 1369 962 canone
1381 925 1450 964 rum

289 999 361 1050 vetat
378 993 596 1065 quadregesimali
612 1000 728 1064 tempore
745 1011 843 1065 panem
859 993 951 1048 offerre
967 1001 1148 1066 praeterquam
1160 995 1188 1048 in
1199 995 1307 1048 sabbato
1319 997 1398 1064 atque
1408 993 1450 1048 do·

289 1081 394 1134 mirica.
411 1077 471 1134 Ὅτι
481 1079 511 1132 οὗ
524 1081 601 1151 δέῑτῇ
615 1085 799 1150 τεσσαρακοστῇ
812 1076 885 1151 ἄρτον
894 1079 1043 1152 προςρέρειν,
1055 1078 1075 1132 τί
1087 1078 1121 1150 μὴ
1133 1078 1157 1132 ίν
1169 1077 1288 1149 σαββάτῳ
1300 1079 1341 1132 ταὶ
1352 1083 1450 1149 αοριαιῇ

291 1167 374 1237 μόνον.
392 1165 476 1230 Quem
485 1181 611 1220 emonem
619 1167 735 1236 plerique
744 1183 797 1220 non
806 1171 875 1220 recte
885 1165 916 1220 de
926 1167 1049 1237 eulogiis,
1061 1165 1279 1220 siraiermeutato
1287 1181 1364 1236 pane,
1375 1166 1451 1220 iuter·

290 1251 384 1322 prelati
395 1255 468 1321 eunt;
480 1251 512 1306 είε
523 1268 575 1322 quo
587 1252 643 1322 egit
654 1251 722 1306 idem
733 1251 837 1306 Laodio.
850 1251 913 1305 Gan.
924 1267 985 1317 xre,
997 1257 1024 1304 et
1034 1251 1199 1306 Innocentius
1212 1269 1228 1304 1.
1240 1250 1322 1321 Epist
1332 1267 1350 1304 1.
1362 1265 1420 1320 cap.
1428 1249 1452 1302 ὁ.

290 1337 374 1406 Atque
386 1335 455 1390 bunc
466 1337 559 1390 iccirco
571 1343 665 1407 putant
676 1336 762 1392 offerri
773 1353 819 1408 per
835 1339 896 1392 illos
907 1337 962 1390 ‹lles
980 1337 1086 1390 minim
1103 1336 1221 1400 licuiem,
1238 1353 1272 1390 ne
1288 1352 1321 1389 ea
1336 1335 1452 1390 solvendi

290 1422 380 1476 ieiunii
396 1426 467 1476 emet
483 1423 595 1478 oocseio.
625 1422 704 1476 Cuius
722 1423 878 1477 talsbsimee
894 1422 1114 1492 interpretationis
1131 1427 1235 1476 autores
1252 1422 1291 1474 rie
1308 1421 1366 1492 ipss
1381 1421 1453 1476 serbi

291 1505 430 1578 τροςρέρτιν
446 1523 478 1562 sc
494 1513 609 1578 potestas
626 1507 733 1573 refellit,
751 1525 817 1579 quae
830 1509 860 1562 de
872 1507 999 1562 sacrificio
1011 1513 1038 1560 et
1049 1507 1180 1562 oblatione
1191 1507 1258 1561 solet
1268 1507 1363 1577 accipi,
1380 1513 1411 1560 ut
1426 1507 1452 1560 in

290 1591 404 1646 Nicaeae
416 1591 480 1647 Oau.
493 1611 567 1648 rrum.
593 1593 639 1647 Est
650 1594 729 1664 igitur
741 1593 880 1666 προςρέρειν
893 1590 966 1662 ἄρτον
982 1609 1076 1663 panem
1093 1593 1180 1664 ipsum
1197 1599 1402 1663 repraesentare,
1420 1610 1453 1646 ex

291 1695 342 1748 quo
355 1676 450 1732 Obristi
460 1695 553 1748 corpus
565 1681 759 1734 consecratione
770 1679 851 1733 fieret.
877 1679 952 1743 Quod
968 1679 1062 1750 partim
1080 1695 1095 1731 a
1109 1677 1287 1732 sacerdotibus
1298 1678 1362 1748 ipsis
1373 1679 1403 1732 in
1413 1695 1454 1731 ea-

290 1779 393 1817 cromm
410 1763 542 1818 immone
559 1781 589 1818 ac
607 1763 691 1834 τελετῇ
709 1765 814 1834 geritur,
833 1765 927 1834 partim
944 1769 1005 1818 ante
1021 1763 1205 1833 mysteriorum
1223 1763 1422 1818 celebrationem
1438 1781 1455 1817 s

290 1849 419 1905 fidelibus.
446 1849 528 1904 Nemo
541 1851 611 1904 enim
623 1852 688 1904 eitra
699 1857 788 1904 notam
801 1851 914 1920 aliquam
927 1848 1080 1920 ἀσύμβολος,
1098 1855 1124 1902 et
1140 1850 1197 1904 siue
1210 1849 1340 1903 oblatione
1351 1849 1454 1920 propris

290 1935 507 2000 communicabat,
525 1935 571 1988 eod
587 1951 683 2005 panem
700 1951 778 1990 suum
795 1952 826 1989 ao
843 1937 933 1990 vinum
950 1934 1083 1988 offerebat
1110 1935 1177 1988 llinc
1192 1933 1332 1990 vehemens
1347 1935 1394 1988 ilia
1405 1933 1455 2004 Gy·

290 2022 375 2092 priani
392 2021 498 2091 querele
515 2020 546 2074 de
563 2021 689 2074 matronis
706 2021 880 2092 locupletibus
896 2021 940 2074 lib.
954 2021 985 2074 da
998 2020 1081 2091 Opere
1098 2025 1124 2074 et
1138 2021 1265 2076 llleemoe.
1295 2020 1422 2091 Locuples
1432 2030 1457 2072 er

292 2109 362 2160 dicer
373 2123 411 2169 ee,
428 2115 452 2158 et
464 2107 614 2158 dominicum
626 2107 756 2160 celebrare
769 2117 791 2159 te
808 2109 904 2170 credie,
922 2125 986 2177 quoe
1005 2107 1138 2159 corbonam
1156 2111 1253 2159 omniuo
1271 2125 1321 2159 ιιοιι
1338 2110 1455 2177 respicis,

291 2209 355 2261 puae
366 2195 393 2242 s'a
405 2193 556 2244 doruiaioum
566 2195 621 2244 ιέιιο
632 2195 761 2262 sacrificio
773 2196 849 2256 οεοίε,
862 2211 925 2261 qnae
937 2196 964 2244 s'o
972 2201 1074 2262 partem
1087 2193 1117 2244 είε
1129 2194 1267 2261 εαοτέρίεέο,
1278 2193 1346 2260 quod
1353 2209 1456 2261 pauper

292 2277 490 2340 attollamus!
510 2277 674 2346 Augustinus
686 2277 770 2333 Saum.
781 2293 859 2332 ccxv.
871 2277 902 2331 de
914 2277 1053 2348 Tempore:
1075 2277 1231 2342 Oblationes,
1243 2295 1309 2346 quae
1319 2281 1348 2330 ιἰι
1360 2279 1457 2330 aaron

292 2369 475 2424 consecrentur,
487 2365 582 2432 offerte.
609 2361 766 2416 Erulorum
779 2365 850 2416 debet
860 2363 930 2416 λονιο
941 2365 1059 2426 icioma,
1076 2369 1100 2416 ei
1112 2365 1142 2416 de
1154 2364 1242 2416 οίέειια
1253 2363 1379 2416 oblatione
1390 2381 1458 2415 coas-

291 2453 411 2502 ιιιειιιίοοε.
430 2445 504 2511 Quod
514 2447 584 2501 idem
596 2454 622 2502 et
633 2449 751 2518 sequenti
762 2465 882 2502 sermone
893 2449 994 2519 repetit
1012 2447 1142 2512 Quoniam
1150 2449 1230 2518 igitur
1239 2449 1285 2518 qui
1292 2449 1459 2502 communio·

291 2534 332 2588 nis
344 2533 399 2586 iure
410 2532 543 2604 praeditae
554 2539 617 2598 erat,
629 2533 698 2588 idem
710 2540 756 2588 aut
767 2531 900 2598 offerebat,
917 2539 962 2586 aut
973 2533 1065 2588 offerre
1077 2540 1155 2598 certe,
1171 2534 1239 2587 uude
1251 2533 1459 2588 communicatu·

291 2635 336 2672 rue
353 2624 435 2684 esset,
452 2624 566 2690 poterat,
584 2618 644 2674 hino
655 2619 750 2672 uetusti
765 2636 877 2673 emanas
889 2635 933 2672 eos
946 2620 990 2688 qui
1001 2619 1030 2673 in
1041 2625 1158 2673 extremo
1170 2619 1253 2688 gradu
1264 2619 1459 2689 poenitentium

291 2705 438 2770 haererent,
455 2721 535 2775 qnam
551 2705 666 2758 σύστασιν
683 2705 867 2769 nominabant,
885 2706 929 2775 qui
949 2719 1008 2758 cum
1025 2703 1145 2758 fidelibus
1162 2705 1310 2758 orationum
1328 2705 1458 2759 deamat

291 2795 365 2844 erant
374 2790 525 2861 participes,
537 2807 585 2843 nec
597 2791 660 2844 dum
671 2789 829 2844 dominicum
841 2805 934 2860 corpus
946 2791 1116 2861 mnrpabant,
1134 2791 1256 2842 κοινωνεῖν
1268 2789 1390 2844 dicebant
1402 2787 1457 2842 ἄνευ

292 2877 443 2946 προςρορᾶςρ
460 2881 490 2929 nt
503 2876 581 2928 estin
592 2876 730 2944 Anagrana
744 2875 806 2929 Oan.
816 2893 840 2928 v.
852 2881 878 2929 et
888 2893 962 2931 surr.
989 2877 1074 2946 Aqua
1087 2876 1191 2930 demum
1203 2875 1293 2930 ordine
1305 2875 1339 2928 acl
1351 2875 1457 2930 absulu-

291 2967 348 3014 tum
364 2963 547 3031 integrumque
564 2967 660 3014 etatum
677 2961 906 3026 transferebantur,
923 2977 1002 3031 quam
1020 2961 1111 3032 μέθεξιν
1122 2964 1172 3014 τῶν
1190 2959 1266 3031 ἁγίων
1284 2967 1311 3014 et
1322 2961 1352 3014 rb
1364 2959 1457 3014 τέλειον

291 3045 437 3117 ορροίίαοί;
453 3063 512 3100 cum
528 3047 626 3100 scilicet
640 3046 746 3117 perinde
763 3047 797 3100 ad
814 3046 958 3102 oblationes
969 3047 1101 3101 molendae
1114 3049 1191 3118 atque
1203 3045 1236 3100 ad
1247 3045 1457 3118 participandam
1549 3045 1550 3058 ¹

291 3130 474 3185 eucharistiam
491 3131 696 3186 admitterentur.
733 3131 822 3202 Neque
843 3133 913 3186 enim
933 3149 1147 3203 quorumcunque
1170 3131 1316 3185 oblationes
1338 3139 1456 3202 receptae

292 3221 366 3280 suut,
383 3215 430 3269 eerl
446 3217 632 3271 sceleratorum
643 3215 779 3271 hominum
796 3233 827 3270 ao
843 3219 1045 3287 poenitentium,
1062 3224 1089 3272 et
1100 3219 1220 3271 universe
1231 3219 1281 3268 τῶν
1293 3213 1404 3270 διδέντων
1416 3215 1456 3268 καί

292 3300 461 3367 εὀιοινωνήτων
473 3302 591 3356 reiectae.
609 3302 647 3355 De
659 3319 710 3372 qno
722 3302 780 3356 vide
790 3301 899 3358 Oouetit.
911 3305 1000 3373 apost
1011 3303 1056 3356 lib.
1065 3321 1104 3359 nr.
1117 3319 1202 3374 caps.
1220 3303 1254 3357 lit
1265 3303 1384 3356 Vasenee
1394 3319 1455 3356 oon·
1548 3371 1549 3374 ρ

292 3387 381 3439 cilium
393 3386 455 3440 Gan.
464 3405 494 3441 n.
506 3387 585 3452 iubet,
597 3399 624 3441 ut
633 3391 822 3457 poera‘lenrs'nra,
840 3393 883 3458 pus*
898 3394 953 3441 sine
970 3393 1137 3442 commuuione
1155 3391 1286 3458 inopinato
1304 3393 1414 3442 vomita
1427 3389 1455 3438 ιἰι

293 3475 366 3540 apris
383 3481 429 3524 aut
443 3474 575 3526 itineribus
587 3477 795 3543 praeveniantur,
807 3475 945 3528 nonnanes
956 3478 1124 3544 recipiuntur.
1150 3473 1358 3528 transiebamus
1368 3475 1454 3543 itaque

291 3556 405 3628 pdmum
417 3557 561 3611 oblationes
574 3574 590 3610 a
601 3557 730 3624 simeonis,
746 3567 824 3630 atque
842 3563 929 3613 utrum
944 3559 1070 3613 eiusmodi
1086 3565 1173 3613 essem
1186 3559 1373 3629 inquirebatur,
1389 3573 1454 3628 quse

291 3643 479 3713 repraesentari
490 3643 524 3696 ad
535 3645 615 3698 altare
627 3651 742 3714 possent.
765 3645 847 3714 Igitm
858 3645 887 3698 iu
897 3644 1042 3698 Laorlloeno
1054 3643 1164 3698 concilio
1176 3643 1191 3711 ἡ
1204 3643 1331 3716 προςρορέι
1343 3645 1374 3698 ιίε
1385 3649 1452 3696 utro-
1547 3665 1548 3674 ι

291 3743 342 3799 que
353 3743 449 3798 genere
461 3728 598 3782 oblationis
611 3735 697 3799 potest
707 3731 831 3800 intelligi,
849 3737 902 3784 tam
920 3747 951 3784 es
968 3745 1033 3800 quae
1051 3719 1196 3784 abietibus
1214 3746 1295 3800 quam
1306 3745 1373 3800 qaae
1384 3745 1401 3781 s
1412 3743 1453 3780 ss·

291 3813 437 3868 carnotibus
448 3813 536 3874 tiebat,
553 3813 606 3868 Nec
619 3815 704 3868 obstet
715 3816 785 3886 quod
793 3815 933 3888 προςρέρειν
943 3812 1016 3886 ἄρτον
1031 3815 1154 3885 scriptum
1167 3821 1208 3868 est
1218 3817 1246 3868 in
1256 3813 1376 3880 Oanoue;
1387 3828 1453 3884 quse

290 3899 372 3953 luisse
389 3915 483 3952 causes
499 3898 600 3952 ridetur
618 3900 651 3953 ob
669 3916 747 3970 quam
764 3899 883 3954 catholici
895 3901 944 3954 viri
959 3900 991 3954 de
1005 3900 1115 3969 eulogiis
1126 3903 1214 3970 potius
1227 3917 1307 3970 quara
1318 3901 1350 3954 de
1361 3897 1451 3954 enoba-

290 3985 364 4038 rietie
375 3983 473 4038 dictum
484 3985 548 4038 illud
559 3985 794 4056 interpretarentur.
821 3985 887 4040 Nam
897 3986 940 4038 rel
951 3982 1024 4055 ἄρτος
1035 3985 1069 4038 ad
1080 3985 1106 4038 id
1117 3983 1227 4038 refertur
1238 3985 1308 4056 qnod
1321 3991 1380 4040 ante
1390 3999 1450 4037 con·

190 4084 211 4124 a
220 4073 264 4118 δί’.
290 4069 462 4124 secutionem
472 4069 533 4135 tuit,
551 4077 596 4124 ant
612 4087 706 4141 corpus
717 4071 804 4141 ipsum
816 4071 914 4124 domim
920 4075 1001 4141 pasis
1011 4071 1107 4124 usitata
1119 4085 1180 4124 cum
1191 4071 1218 4124 in
1235 4069 1380 4141 scripturis,
1395 4075 1450 4122 tum

290 4154 360 4224 apud
370 4161 458 4225 patres
469 4156 642 4226 appellatione
654 4155 754 4211 dicitur.
776 4155 819 4209 Sic
831 4157 858 4210 in
870 4155 992 4226 Oartbag.
1004 4155 1113 4210 concilio
1125 4155 1195 4225 apud
1205 4155 1338 4210 Zonaram
1348 4154 1380 4209 ad
1390 4151 1449 4207 Βαί-

291 4255 355 4293 earu.
365 4239 478 4295 Oanxn.
491 4239 545 4311 cepi
556 4245 600 4294 τοῦ
612 4239 646 4312 μὴ
658 4238 742 4302 έξέῑναι
754 4241 886 4311 περαιτέρω
899 4237 974 4312 ἄρτον
986 4241 1026 4293 καλ
1037 4239 1103 4292 οἶνον
1114 4240 1186 4293 ὕδατι
1197 4241 1347 4312 μεμιγμένον
1358 4239 1380 4292 τί
1391 4251 1448 4290 scre
1545 4287 1546 4325 ,

292 4321 316 4375 ίν
327 4326 378 4384 τοῖς
390 4323 466 4395 ἁγίοις
478 4325 624 4396 προςφέρειν,
639 4325 680 4378 ἵνα
697 4323 720 4378 ίν
732 4329 784 4387 τοῖς
795 4325 873 4396 ἁγίοις
885 4325 960 4396 perbis
972 4325 1047 4378 πλέον
1059 4331 1103 4379 τοῦ
1114 4325 1230 4396 σώματος
1242 4326 1283 4378 ταί
1294 4330 1339 4379 τοῦ
1350 4325 1447 4395 αἵματος

292 4412 336 4460 τοῦ
348 4408 429 4478 τυρίον
441 4410 616 4482 τροτεντχίτίη’
630 4408 663 4471 ὡς
675 4411 715 4464 sal
728 4410 826 4472 αὐτοςὸ
844 4413 924 4482 τέρεος
942 4411 1091 4482 παρέδωκεν,
1109 4409 1219 4464 τουτέστι
1236 4408 1312 4481 ἄρτου
1329 4410 1368 4463 sal
1383 4407 1447 4460 cisoa

291 4492 362 4545 ίδατι
374 4493 529 4562 μεμιγμένου.
552 4495 625 4560 Quod
637 4497 706 4566 apud
717 4495 823 4550 Latinos
835 4496 898 4550 Oan.
907 4515 979 4551 xxiv.
992 4496 1099 4552 Oonoilii
1110 4515 1149 4551 ru.
1161 4495 1285 4568 Oartbsg.
1297 4499 1334 4551 ita
1344 4493 1444 4565 legitw

296 4575 367 4632 Utin
377 4583 546 4634 sacramentis
562 4585 676 4650 corporis
691 4591 716 4636 et
729 4585 863 4651 sanguinis
874 4583 969 4636 είοιιιέιεέ
980 4581 1045 4637 cibel
1055 4583 1165 4653 amplias
1175 4585 1302 4654 offeratur
1312 4599 1382 4656 ρνοιιι
1391 4583 1443 4648 ipa
1544 4593 1545 4631 ί
