<?xml version="1.0" encoding="UTF-8"?>
<!DOCTYPE html PUBLIC "-//W3C//DTD XHTML 1.0 Transitional//EN"
    "http://www.w3.org/TR/xhtml1/DTD/xhtml1-transitional.dtd">
<html xmlns="http://www.w3.org/1999/xhtml" xml:lang="en" lang="en">
 <head>
  <title>
</title>
<meta http-equiv="Content-Type" content="text/html;charset=utf-8" />
  <meta name='ocr-system' content='tesseract 3.04.00' />
  <meta name='ocr-capabilities' content='ocr_page ocr_carea ocr_par ocr_line ocrx_word'/>
</head>
<body>
  <div class='ocr_page' id='page_1' title='image "./corporishaerese05oehlgoog_0050.png"; bbox 0 0 3166 5044; ppageno 0'>
   <div class='ocr_carea' id='block_1_1' title="bbox 1136 277 1267 336">
    <p class='ocr_par' dir='ltr' id='par_1_1' title="bbox 1136 277 1267 336">
     <span class='ocr_line' id='line_1_1' title="bbox 1136 277 1267 336; baseline 0.015 -2"><span class='ocrx_word' id='word_1_1' title='bbox 1136 277 1267 336; x_wconf 74' lang='lat' dir='ltr'><strong>xxxvii</strong></span> 
     </span>
    </p>
   </div>
   <div class='ocr_carea' id='block_1_2' title="bbox 87 427 1380 3069">
    <p class='ocr_par' dir='ltr' id='par_1_2' title="bbox 87 427 1380 1528">
     <span class='ocr_line' id='line_1_2' title="bbox 88 427 1266 504; baseline 0.004 -23"><span class='ocrx_word' id='word_1_2' title='bbox 88 429 138 482; x_wconf 79' lang='grc' dir='ltr'><strong>καθ</strong></span> <span class='ocrx_word' id='word_1_3' title='bbox 158 431 218 490; x_wconf 71' lang='grc' dir='ltr'>τοῖς</span> <span class='ocrx_word' id='word_1_4' title='bbox 233 427 321 500; x_wconf 77' lang='grc' dir='ltr'>μάγοις</span> <span class='ocrx_word' id='word_1_5' title='bbox 339 429 404 482; x_wconf 82' lang='grc' dir='ltr'>οἲνσυ</span> <span class='ocrx_word' id='word_1_6' title='bbox 421 447 447 482; x_wconf 87' lang='grc' dir='ltr'>τι</span> <span class='ocrx_word' id='word_1_7' title='bbox 458 427 522 501; x_wconf 82' lang='grc' dir='ltr'>θροῦ</span> <span class='ocrx_word' id='word_1_8' title='bbox 540 431 580 484; x_wconf 86' lang='grc' dir='ltr'><strong>καθ</strong></span> <span class='ocrx_word' id='word_1_9' title='bbox 591 428 722 504; x_wconf 77' lang='grc' dir='ltr'>ἐμψύχων,</span> <span class='ocrx_word' id='word_1_10' title='bbox 743 431 782 486; x_wconf 75' lang='grc' dir='ltr'>καὶ</span> <span class='ocrx_word' id='word_1_11' title='bbox 799 427 945 502; x_wconf 73' lang='grc' dir='ltr'>ἀφροδισίων</span> <span class='ocrx_word' id='word_1_12' title='bbox 962 429 1094 503; x_wconf 76' lang='grc' dir='ltr'>ἀντέχεσθαι</span> <span class='ocrx_word' id='word_1_13' title='bbox 1110 431 1266 503; x_wconf 74' lang='grc' dir='ltr'>λατρεύουσιν</span> 
     </span>
     <span class='ocr_line' id='line_1_3' title="bbox 87 507 1266 588; baseline 0.003 -21"><span class='ocrx_word' id='word_1_14' title='bbox 87 511 224 584; x_wconf 75' lang='grc' dir='ltr'>ἀγγέλοις</span> <span class='ocrx_word' id='word_1_15' title='bbox 236 515 276 568; x_wconf 76' lang='grc' dir='ltr'>καί</span> <span class='ocrx_word' id='word_1_16' title='bbox 288 515 408 586; x_wconf 84' lang='grc' dir='ltr'>δαίμοσιν.</span> <span class='ocrx_word' id='word_1_17' title='bbox 431 507 677 572; x_wconf 67' lang='lat' dir='ltr'><strong>Rhoduntiam.</strong></span> <span class='ocrx_word' id='word_1_18' title='bbox 692 517 755 573; x_wconf 84' lang='lat' dir='ltr'><strong>Gau.</strong></span> <span class='ocrx_word' id='word_1_19' title='bbox 766 535 846 572; x_wconf 79' lang='lat' dir='ltr'>xxxv.</span> <span class='ocrx_word' id='word_1_20' title='bbox 868 515 927 570; x_wconf 83' lang='grc' dir='ltr'>Ὅτι</span> <span class='ocrx_word' id='word_1_21' title='bbox 939 516 968 568; x_wconf 84' lang='grc' dir='ltr'>οὖ</span> <span class='ocrx_word' id='word_1_22' title='bbox 981 517 1017 570; x_wconf 78' lang='lat' dir='ltr'><strong>eo</strong></span> <span class='ocrx_word' id='word_1_23' title='bbox 1027 517 1182 588; x_wconf 76' lang='grc' dir='ltr'>Χριστιανοὺς</span> <span class='ocrx_word' id='word_1_24' title='bbox 1193 515 1266 588; x_wconf 88' lang='grc' dir='ltr'>έγκα-</span> 
     </span>
     <span class='ocr_line' id='line_1_4' title="bbox 89 597 1264 672; baseline 0.003 -20"><span class='ocrx_word' id='word_1_25' title='bbox 89 598 230 652; x_wconf 62' lang='lat' dir='ltr'><strong>taretros</strong></span> <span class='ocrx_word' id='word_1_26' title='bbox 247 599 290 668; x_wconf 73' lang='grc' dir='ltr'><strong>τὴν</strong></span> <span class='ocrx_word' id='word_1_27' title='bbox 302 597 431 668; x_wconf 76' lang='grc' dir='ltr'>ἐκκλησίαν</span> <span class='ocrx_word' id='word_1_28' title='bbox 447 606 491 654; x_wconf 87' lang='grc' dir='ltr'><strong>τοῦ</strong></span> <span class='ocrx_word' id='word_1_29' title='bbox 505 601 572 671; x_wconf 84' lang='grc' dir='ltr'>θεοῦ,</span> <span class='ocrx_word' id='word_1_30' title='bbox 591 601 630 654; x_wconf 78' lang='grc' dir='ltr'>καλ</span> <span class='ocrx_word' id='word_1_31' title='bbox 642 600 747 671; x_wconf 78' lang='grc' dir='ltr'>ἀπιέναι,</span> <span class='ocrx_word' id='word_1_32' title='bbox 764 601 804 654; x_wconf 80' lang='grc' dir='ltr'>καί</span> <span class='ocrx_word' id='word_1_33' title='bbox 820 599 940 672; x_wconf 75' lang='grc' dir='ltr'>ἀγγέλους</span> <span class='ocrx_word' id='word_1_34' title='bbox 952 597 1091 672; x_wconf 77' lang='grc' dir='ltr'>ὀνομάζειν,</span> <span class='ocrx_word' id='word_1_35' title='bbox 1108 602 1148 654; x_wconf 75' lang='grc' dir='ltr'>καί</span> <span class='ocrx_word' id='word_1_36' title='bbox 1160 600 1264 664; x_wconf 77' lang='grc' dir='ltr'>συνίξεις</span> 
     </span>
     <span class='ocr_line' id='line_1_5' title="bbox 92 683 1265 759; baseline 0.006 -23"><span class='ocrx_word' id='word_1_37' title='bbox 92 688 184 738; x_wconf 79' lang='grc' dir='ltr'>ποιεῖν</span> <span class='ocrx_word' id='word_1_38' title='bbox 199 689 249 742; x_wconf 90' lang='lat' dir='ltr'><strong>eto.</strong></span> <span class='ocrx_word' id='word_1_39' title='bbox 284 688 355 751; x_wconf 83' lang='lat' dir='ltr'><strong>Quae</strong></span> <span class='ocrx_word' id='word_1_40' title='bbox 366 689 522 758; x_wconf 82' lang='lat' dir='ltr'><strong>angelorum</strong></span> <span class='ocrx_word' id='word_1_41' title='bbox 532 683 651 757; x_wconf 81' lang='grc' dir='ltr'>ὀνομασία</span> <span class='ocrx_word' id='word_1_42' title='bbox 663 687 696 740; x_wconf 93' lang='lat' dir='ltr'><strong>ad</strong></span> <span class='ocrx_word' id='word_1_43' title='bbox 706 703 844 758; x_wconf 83' lang='lat' dir='ltr'><strong>magorum</strong></span> <span class='ocrx_word' id='word_1_44' title='bbox 854 687 1009 758; x_wconf 85' lang='lat' dir='ltr'><strong>praestigias</strong></span> <span class='ocrx_word' id='word_1_45' title='bbox 1020 689 1265 759; x_wconf 88' lang='lat' dir='ltr'><strong>superstisiososque</strong></span> 
     </span>
     <span class='ocr_line' id='line_1_6' title="bbox 93 770 1380 846; baseline 0.002 -23"><span class='ocrx_word' id='word_1_46' title='bbox 93 770 194 824; x_wconf 84' lang='lat' dir='ltr'><strong>cultus</strong></span> <span class='ocrx_word' id='word_1_47' title='bbox 208 771 298 825; x_wconf 82' lang='lat' dir='ltr'><strong>referri</strong></span> <span class='ocrx_word' id='word_1_48' title='bbox 310 772 393 826; x_wconf 82' lang='lat' dir='ltr'><strong>debet</strong></span> <span class='ocrx_word' id='word_1_49' title='bbox 416 771 452 825; x_wconf 91' lang='lat' dir='ltr'><strong>Ut</strong></span> <span class='ocrx_word' id='word_1_50' title='bbox 463 779 489 826; x_wconf 88' lang='lat' dir='ltr'><strong>et</strong></span> <span class='ocrx_word' id='word_1_51' title='bbox 499 773 562 826; x_wconf 92' lang='lat' dir='ltr'><strong>illud</strong></span> <span class='ocrx_word' id='word_1_52' title='bbox 573 773 646 826; x_wconf 88' lang='lat' dir='ltr'><strong>Pauli</strong></span> <span class='ocrx_word' id='word_1_53' title='bbox 658 773 692 825; x_wconf 86' lang='lat' dir='ltr'><strong>ad</strong></span> <span class='ocrx_word' id='word_1_54' title='bbox 703 771 801 827; x_wconf 86' lang='lat' dir='ltr'><strong>Goloss.</strong></span> <span class='ocrx_word' id='word_1_55' title='bbox 814 789 835 828; x_wconf 93' lang='lat' dir='ltr'><strong>c.</strong></span> <span class='ocrx_word' id='word_1_56' title='bbox 849 771 878 826; x_wconf 76' lang='lat'><strong>2:</strong></span> <span class='ocrx_word' id='word_1_57' title='bbox 900 772 981 842; x_wconf 83' lang='grc' dir='ltr'>μηθείς</span> <span class='ocrx_word' id='word_1_58' title='bbox 994 771 1054 842; x_wconf 79' lang='grc' dir='ltr'>ὑμᾶς</span> <span class='ocrx_word' id='word_1_59' title='bbox 1066 772 1265 843; x_wconf 81' lang='grc' dir='ltr'>καταβραβευέτω</span> <span class='ocrx_word' id='word_1_60' title='bbox 1378 843 1380 846; x_wconf 22' lang='grc' dir='ltr'>Ι</span> 
     </span>
     <span class='ocr_line' id='line_1_7' title="bbox 94 853 1266 929; baseline 0.008 -24"><span class='ocrx_word' id='word_1_61' title='bbox 94 855 186 907; x_wconf 87' lang='grc' dir='ltr'>θέλων</span> <span class='ocrx_word' id='word_1_62' title='bbox 201 853 226 908; x_wconf 80' lang='grc' dir='ltr'>έν</span> <span class='ocrx_word' id='word_1_63' title='bbox 238 858 445 928; x_wconf 76' lang='grc' dir='ltr'>ταπεινοφροσύνῃ</span> <span class='ocrx_word' id='word_1_64' title='bbox 464 858 503 908; x_wconf 80' lang='grc' dir='ltr'><strong>καθ</strong></span> <span class='ocrx_word' id='word_1_65' title='bbox 516 857 628 928; x_wconf 76' lang='grc' dir='ltr'>θρησκεία</span> <span class='ocrx_word' id='word_1_66' title='bbox 640 860 688 909; x_wconf 88' lang='grc' dir='ltr'><strong>τῶν</strong></span> <span class='ocrx_word' id='word_1_67' title='bbox 701 855 821 928; x_wconf 79' lang='grc' dir='ltr'>ἀγγέλων.</span> <span class='ocrx_word' id='word_1_68' title='bbox 853 857 893 911; x_wconf 80' lang='lat' dir='ltr'><strong>Ex</strong></span> <span class='ocrx_word' id='word_1_69' title='bbox 909 875 960 928; x_wconf 89' lang='lat' dir='ltr'><strong>quo</strong></span> <span class='ocrx_word' id='word_1_70' title='bbox 976 857 1039 912; x_wconf 88' lang='lat' dir='ltr'><strong>illud</strong></span> <span class='ocrx_word' id='word_1_71' title='bbox 1052 865 1171 928; x_wconf 85' lang='lat' dir='ltr'><strong>apparet,</strong></span> <span class='ocrx_word' id='word_1_72' title='bbox 1189 875 1266 929; x_wconf 81' lang='lat' dir='ltr'><strong>quam</strong></span> 
     </span>
     <span class='ocr_line' id='line_1_8' title="bbox 93 940 1265 1014; baseline 0.003 -20"><span class='ocrx_word' id='word_1_73' title='bbox 93 941 195 1012; x_wconf 90' lang='lat' dir='ltr'><strong>inepte</strong></span> <span class='ocrx_word' id='word_1_74' title='bbox 208 942 242 995; x_wconf 93' lang='lat' dir='ltr'><strong>ab</strong></span> <span class='ocrx_word' id='word_1_75' title='bbox 258 940 394 996; x_wconf 76' lang='lat' dir='ltr'><strong>haereticis</strong></span> <span class='ocrx_word' id='word_1_76' title='bbox 407 942 439 995; x_wconf 84' lang='lat' dir='ltr'><strong>ad</strong></span> <span class='ocrx_word' id='word_1_77' title='bbox 450 943 611 997; x_wconf 77' lang='lat' dir='ltr'><strong>stolidissimi</strong></span> <span class='ocrx_word' id='word_1_78' title='bbox 628 945 720 996; x_wconf 80' lang='lat' dir='ltr'><strong>enoria</strong></span> <span class='ocrx_word' id='word_1_79' title='bbox 732 942 904 1014; x_wconf 77' lang='lat' dir='ltr'><strong>patrocinium</strong></span> <span class='ocrx_word' id='word_1_80' title='bbox 919 949 1027 1013; x_wconf 88' lang='lat' dir='ltr'><strong>uterque</strong></span> <span class='ocrx_word' id='word_1_81' title='bbox 1037 943 1080 996; x_wconf 90' lang='lat' dir='ltr'><strong>ille</strong></span> <span class='ocrx_word' id='word_1_82' title='bbox 1092 943 1165 998; x_wconf 86' lang='lat' dir='ltr'><strong>locus</strong></span> <span class='ocrx_word' id='word_1_83' title='bbox 1176 944 1265 997; x_wconf 83' lang='lat' dir='ltr'><strong>affera-</strong></span> 
     </span>
     <span class='ocr_line' id='line_1_9' title="bbox 90 1027 1265 1099; baseline 0.004 -20"><span class='ocrx_word' id='word_1_84' title='bbox 90 1033 146 1082; x_wconf 90' lang='lat' dir='ltr'><strong>tur.</strong></span> <span class='ocrx_word' id='word_1_85' title='bbox 175 1028 278 1080; x_wconf 79' lang='lat' dir='ltr'><strong>Mirum</strong></span> <span class='ocrx_word' id='word_1_86' title='bbox 289 1033 330 1080; x_wconf 87' lang='lat' dir='ltr'><strong>ost</strong></span> <span class='ocrx_word' id='word_1_87' title='bbox 339 1043 400 1082; x_wconf 81' lang='lat' dir='ltr'><strong>varo</strong></span> <span class='ocrx_word' id='word_1_88' title='bbox 413 1030 481 1098; x_wconf 86' lang='lat' dir='ltr'><strong>quod</strong></span> <span class='ocrx_word' id='word_1_89' title='bbox 498 1030 525 1082; x_wconf 89' lang='lat' dir='ltr'><strong>in</strong></span> <span class='ocrx_word' id='word_1_90' title='bbox 536 1027 722 1082; x_wconf 78' lang='lat' dir='ltr'><strong>Ecclesiasticis</strong></span> <span class='ocrx_word' id='word_1_91' title='bbox 734 1027 878 1082; x_wconf 74' lang='lat' dir='ltr'><strong>Annalibus</strong></span> <span class='ocrx_word' id='word_1_92' title='bbox 888 1027 997 1098; x_wconf 83' lang='lat' dir='ltr'><strong>legitur,</strong></span> <span class='ocrx_word' id='word_1_93' title='bbox 1013 1027 1045 1080; x_wconf 91' lang='lat' dir='ltr'><strong>de</strong></span> <span class='ocrx_word' id='word_1_94' title='bbox 1056 1028 1102 1082; x_wconf 90' lang='lat' dir='ltr'><strong>illa</strong></span> <span class='ocrx_word' id='word_1_95' title='bbox 1112 1031 1265 1099; x_wconf 88' lang='lat' dir='ltr'><strong>angolorum</strong></span> 
     </span>
     <span class='ocr_line' id='line_1_10' title="bbox 91 1110 1264 1185; baseline 0.005 -21"><span class='ocrx_word' id='word_1_96' title='bbox 91 1113 221 1184; x_wconf 75' lang='grc' dir='ltr'>θρησκείᾳ</span> <span class='ocrx_word' id='word_1_97' title='bbox 231 1113 333 1168; x_wconf 80' lang='lat' dir='ltr'><strong>nullam</strong></span> <span class='ocrx_word' id='word_1_98' title='bbox 348 1114 382 1167; x_wconf 90' lang='lat' dir='ltr'><strong>ab</strong></span> <span class='ocrx_word' id='word_1_99' title='bbox 393 1112 537 1185; x_wconf 79' lang='lat' dir='ltr'><strong>Epiphanio</strong></span> <span class='ocrx_word' id='word_1_100' title='bbox 550 1116 707 1168; x_wconf 89' lang='lat' dir='ltr'><strong>mentionem</strong></span> <span class='ocrx_word' id='word_1_101' title='bbox 719 1130 775 1167; x_wconf 89' lang='lat' dir='ltr'><strong>esse</strong></span> <span class='ocrx_word' id='word_1_102' title='bbox 786 1113 890 1167; x_wconf 80' lang='lat' dir='ltr'><strong>iactam.</strong></span> <span class='ocrx_word' id='word_1_103' title='bbox 914 1110 980 1177; x_wconf 81' lang='lat' dir='ltr'><strong>Quid</strong></span> <span class='ocrx_word' id='word_1_104' title='bbox 991 1113 1061 1167; x_wconf 89' lang='lat' dir='ltr'><strong>enim</strong></span> <span class='ocrx_word' id='word_1_105' title='bbox 1080 1115 1173 1170; x_wconf 85' lang='lat' dir='ltr'><strong>clarius</strong></span> <span class='ocrx_word' id='word_1_106' title='bbox 1186 1131 1264 1185; x_wconf 85' lang='lat' dir='ltr'><strong>quanr</strong></span> 
     </span>
     <span class='ocr_line' id='line_1_11' title="bbox 91 1198 1263 1270; baseline 0.002 -18"><span class='ocrx_word' id='word_1_107' title='bbox 91 1199 169 1268; x_wconf 88' lang='lat' dir='ltr'><strong>quod</strong></span> <span class='ocrx_word' id='word_1_108' title='bbox 182 1198 345 1270; x_wconf 78' lang='lat' dir='ltr'><strong>Epiphanius</strong></span> <span class='ocrx_word' id='word_1_109' title='bbox 356 1199 474 1254; x_wconf 90' lang='lat' dir='ltr'><strong>hocloco</strong></span> <span class='ocrx_word' id='word_1_110' title='bbox 485 1205 573 1254; x_wconf 80' lang='lat' dir='ltr'><strong>narrat</strong></span> <span class='ocrx_word' id='word_1_111' title='bbox 583 1201 716 1254; x_wconf 80' lang='lat' dir='ltr'><strong>Simonem</strong></span> <span class='ocrx_word' id='word_1_112' title='bbox 727 1200 881 1270; x_wconf 83' lang='lat' dir='ltr'><strong>angolorum</strong></span> <span class='ocrx_word' id='word_1_113' title='bbox 896 1199 983 1253; x_wconf 89' lang='lat' dir='ltr'><strong>nescio</strong></span> <span class='ocrx_word' id='word_1_114' title='bbox 1001 1215 1066 1270; x_wconf 89' lang='lat' dir='ltr'><strong>quas</strong></span> <span class='ocrx_word' id='word_1_115' title='bbox 1078 1200 1263 1270; x_wconf 75' lang='lat' dir='ltr'><strong>appellationes</strong></span> 
     </span>
     <span class='ocr_line' id='line_1_12' title="bbox 91 1285 1263 1356; baseline 0.003 -19"><span class='ocrx_word' id='word_1_116' title='bbox 91 1301 153 1337; x_wconf 87' lang='lat' dir='ltr'><strong>esse</strong></span> <span class='ocrx_word' id='word_1_117' title='bbox 172 1291 368 1350; x_wconf 89' lang='lat' dir='ltr'><strong>commentum,</strong></span> <span class='ocrx_word' id='word_1_118' title='bbox 391 1302 439 1339; x_wconf 91' lang='lat' dir='ltr'><strong>nec</strong></span> <span class='ocrx_word' id='word_1_119' title='bbox 451 1285 525 1340; x_wconf 83' lang='lat' dir='ltr'><strong>ahter</strong></span> <span class='ocrx_word' id='word_1_120' title='bbox 545 1287 653 1340; x_wconf 85' lang='lat' dir='ltr'><strong>obtineri</strong></span> <span class='ocrx_word' id='word_1_121' title='bbox 668 1302 746 1356; x_wconf 91' lang='lat' dir='ltr'><strong>posse</strong></span> <span class='ocrx_word' id='word_1_122' title='bbox 766 1285 877 1339; x_wconf 89' lang='lat' dir='ltr'><strong>salutem</strong></span> <span class='ocrx_word' id='word_1_123' title='bbox 898 1300 1068 1349; x_wconf 79' lang='lat' dir='ltr'><strong>asseverasse,</strong></span> <span class='ocrx_word' id='word_1_124' title='bbox 1081 1286 1191 1355; x_wconf 87' lang='lat' dir='ltr'><strong>quamsi</strong></span> <span class='ocrx_word' id='word_1_125' title='bbox 1206 1287 1263 1356; x_wconf 89' lang='lat' dir='ltr'><strong>quis</strong></span> 
     </span>
     <span class='ocr_line' id='line_1_13' title="bbox 91 1369 1263 1444; baseline 0.003 -23"><span class='ocrx_word' id='word_1_126' title='bbox 91 1386 207 1424; x_wconf 87' lang='lat' dir='ltr'><strong>summo</strong></span> <span class='ocrx_word' id='word_1_127' title='bbox 218 1369 322 1424; x_wconf 87' lang='lat' dir='ltr'><strong>Parenti</strong></span> <span class='ocrx_word' id='word_1_128' title='bbox 332 1387 378 1442; x_wconf 89' lang='lat' dir='ltr'><strong>per</strong></span> <span class='ocrx_word' id='word_1_129' title='bbox 389 1371 494 1426; x_wconf 86' lang='lat' dir='ltr'><strong>easdem</strong></span> <span class='ocrx_word' id='word_1_130' title='bbox 504 1373 562 1425; x_wconf 87' lang='lat' dir='ltr'><strong>illas</strong></span> <span class='ocrx_word' id='word_1_131' title='bbox 573 1371 716 1444; x_wconf 86' lang='lat' dir='ltr'><strong>Potestates</strong></span> <span class='ocrx_word' id='word_1_132' title='bbox 728 1387 758 1424; x_wconf 84' lang='lat' dir='ltr'><strong>ac</strong></span> <span class='ocrx_word' id='word_1_133' title='bbox 767 1371 964 1425; x_wconf 87' lang='lat' dir='ltr'><strong>Dominationes</strong></span> <span class='ocrx_word' id='word_1_134' title='bbox 975 1369 1131 1425; x_wconf 85' lang='lat' dir='ltr'><strong>sacrificium</strong></span> <span class='ocrx_word' id='word_1_135' title='bbox 1142 1369 1263 1425; x_wconf 79' lang='lat' dir='ltr'><strong>offerret?</strong></span> 
     </span>
     <span class='ocr_line' id='line_1_14' title="bbox 91 1455 743 1528; baseline -0.002 -19"><span class='ocrx_word' id='word_1_136' title='bbox 91 1455 135 1509; x_wconf 78' lang='lat' dir='ltr'><strong>Au</strong></span> <span class='ocrx_word' id='word_1_137' title='bbox 147 1471 209 1509; x_wconf 87' lang='lat' dir='ltr'><strong>non</strong></span> <span class='ocrx_word' id='word_1_138' title='bbox 220 1455 286 1509; x_wconf 81' lang='lat' dir='ltr'><strong>haec</strong></span> <span class='ocrx_word' id='word_1_139' title='bbox 296 1462 337 1509; x_wconf 84' lang='lat' dir='ltr'><strong>est</strong></span> <span class='ocrx_word' id='word_1_140' title='bbox 348 1457 461 1526; x_wconf 82' lang='grc' dir='ltr'>θρησκεία</span> <span class='ocrx_word' id='word_1_141' title='bbox 472 1461 522 1509; x_wconf 82' lang='grc' dir='ltr'><strong>τῶν</strong></span> <span class='ocrx_word' id='word_1_142' title='bbox 533 1455 663 1528; x_wconf 79' lang='grc' dir='ltr'>ἀγγέλωνθ</span> <span class='ocrx_word' id='word_1_143' title='bbox 740 1519 743 1524; x_wconf 29' lang='lat'><strong>¹</strong></span> 
     </span>
    </p>

    <p class='ocr_par' dir='ltr' id='par_1_3' title="bbox 92 1541 1353 2210">
     <span class='ocr_line' id='line_1_15' title="bbox 168 1541 1353 1614; baseline 0.001 -21"><span class='ocrx_word' id='word_1_144' title='bbox 168 1541 278 1594; x_wconf 84' lang='lat' dir='ltr'><strong>Atenim</strong></span> <span class='ocrx_word' id='word_1_145' title='bbox 290 1542 411 1611; x_wconf 81' lang='lat' dir='ltr'><strong>angelos,</strong></span> <span class='ocrx_word' id='word_1_146' title='bbox 422 1560 488 1613; x_wconf 89' lang='lat' dir='ltr'><strong>qnos</strong></span> <span class='ocrx_word' id='word_1_147' title='bbox 499 1543 590 1596; x_wconf 90' lang='lat' dir='ltr'><strong>mundi</strong></span> <span class='ocrx_word' id='word_1_148' title='bbox 601 1543 745 1596; x_wconf 84' lang='lat' dir='ltr'><strong>conditores</strong></span> <span class='ocrx_word' id='word_1_149' title='bbox 756 1541 832 1606; x_wconf 84' lang='lat' dir='ltr'><strong>iecit,</strong></span> <span class='ocrx_word' id='word_1_150' title='bbox 851 1541 991 1594; x_wconf 86' lang='lat' dir='ltr'><strong>detestatus</strong></span> <span class='ocrx_word' id='word_1_151' title='bbox 1004 1546 1044 1594; x_wconf 89' lang='lat' dir='ltr'><strong>est</strong></span> <span class='ocrx_word' id='word_1_152' title='bbox 1055 1541 1146 1595; x_wconf 83' lang='lat' dir='ltr'><strong>Simon</strong></span> <span class='ocrx_word' id='word_1_153' title='bbox 1157 1543 1263 1614; x_wconf 88' lang='lat' dir='ltr'><strong>suisque</strong></span> <span class='ocrx_word' id='word_1_154' title='bbox 1288 1567 1308 1606; x_wconf 75' lang='grc' dir='ltr'><strong>ρ.</strong></span> <span class='ocrx_word' id='word_1_155' title='bbox 1322 1555 1353 1596; x_wconf 83' lang='lat' dir='ltr'><strong>rt.</strong></span> 
     </span>
     <span class='ocr_line' id='line_1_16' title="bbox 92 1625 1264 1696; baseline 0.002 -18"><span class='ocrx_word' id='word_1_156' title='bbox 92 1627 184 1680; x_wconf 84' lang='lat' dir='ltr'><strong>uetuit</strong></span> <span class='ocrx_word' id='word_1_157' title='bbox 202 1625 327 1696; x_wconf 80' lang='grc' dir='ltr'>προςίχειν</span> <span class='ocrx_word' id='word_1_158' title='bbox 350 1627 456 1696; x_wconf 84' lang='grc' dir='ltr'>τούτοις,</span> <span class='ocrx_word' id='word_1_159' title='bbox 477 1635 507 1681; x_wconf 89' lang='lat' dir='ltr'><strong>ut</strong></span> <span class='ocrx_word' id='word_1_160' title='bbox 522 1629 559 1681; x_wconf 91' lang='lat' dir='ltr'><strong>ait</strong></span> <span class='ocrx_word' id='word_1_161' title='bbox 574 1627 698 1680; x_wconf 74' lang='lat' dir='ltr'><strong>Thourios.</strong></span> <span class='ocrx_word' id='word_1_162' title='bbox 715 1631 742 1679; x_wconf 88' lang='lat' dir='ltr'><strong>et</strong></span> <span class='ocrx_word' id='word_1_163' title='bbox 757 1626 887 1679; x_wconf 85' lang='lat' dir='ltr'><strong>irenaeus.</strong></span> <span class='ocrx_word' id='word_1_164' title='bbox 922 1625 971 1690; x_wconf 82' lang='lat' dir='ltr'><strong>Qui</strong></span> <span class='ocrx_word' id='word_1_165' title='bbox 986 1627 1067 1696; x_wconf 86' lang='lat' dir='ltr'><strong>igitur</strong></span> <span class='ocrx_word' id='word_1_166' title='bbox 1083 1627 1213 1692; x_wconf 83' lang='lat' dir='ltr'><strong>conuenit,</strong></span> <span class='ocrx_word' id='word_1_167' title='bbox 1233 1633 1264 1680; x_wconf 90' lang='lat' dir='ltr'><strong>ut</strong></span> 
     </span>
     <span class='ocr_line' id='line_1_17' title="bbox 95 1709 1264 1782; baseline 0.003 -20"><span class='ocrx_word' id='word_1_168' title='bbox 95 1709 231 1781; x_wconf 81' lang='grc' dir='ltr'>θρησκείαν</span> <span class='ocrx_word' id='word_1_169' title='bbox 248 1713 299 1764; x_wconf 91' lang='lat' dir='ltr'><strong>illis</strong></span> <span class='ocrx_word' id='word_1_170' title='bbox 316 1710 479 1766; x_wconf 78' lang='lat' dir='ltr'><strong>adhibuerit?</strong></span> <span class='ocrx_word' id='word_1_171' title='bbox 506 1713 556 1766; x_wconf 88' lang='lat' dir='ltr'><strong>Sed</strong></span> <span class='ocrx_word' id='word_1_172' title='bbox 568 1713 689 1766; x_wconf 90' lang='lat' dir='ltr'><strong>nimirum</strong></span> <span class='ocrx_word' id='word_1_173' title='bbox 701 1717 838 1782; x_wconf 89' lang='lat' dir='ltr'><strong>utrumque</strong></span> <span class='ocrx_word' id='word_1_174' title='bbox 855 1727 946 1764; x_wconf 80' lang='lat' dir='ltr'><strong>rerum</strong></span> <span class='ocrx_word' id='word_1_175' title='bbox 966 1716 1013 1764; x_wconf 89' lang='lat' dir='ltr'><strong>est</strong></span> <span class='ocrx_word' id='word_1_176' title='bbox 1042 1711 1156 1781; x_wconf 78' lang='lat' dir='ltr'><strong>Angelos</strong></span> <span class='ocrx_word' id='word_1_177' title='bbox 1172 1712 1264 1766; x_wconf 90' lang='lat' dir='ltr'><strong>mundi</strong></span> 
     </span>
     <span class='ocr_line' id='line_1_18' title="bbox 95 1796 1263 1868; baseline 0.001 -19"><span class='ocrx_word' id='word_1_178' title='bbox 95 1797 250 1850; x_wconf 86' lang='lat' dir='ltr'><strong>conditores</strong></span> <span class='ocrx_word' id='word_1_179' title='bbox 262 1799 463 1851; x_wconf 86' lang='lat' dir='ltr'><strong>contemnendos</strong></span> <span class='ocrx_word' id='word_1_180' title='bbox 480 1813 537 1851; x_wconf 86' lang='lat' dir='ltr'><strong>essa</strong></span> <span class='ocrx_word' id='word_1_181' title='bbox 552 1798 638 1850; x_wconf 90' lang='lat' dir='ltr'><strong>docuit</strong></span> <span class='ocrx_word' id='word_1_182' title='bbox 654 1802 772 1861; x_wconf 90' lang='lat' dir='ltr'><strong>eatenus,</strong></span> <span class='ocrx_word' id='word_1_183' title='bbox 788 1802 817 1850; x_wconf 93' lang='lat' dir='ltr'><strong>ut</strong></span> <span class='ocrx_word' id='word_1_184' title='bbox 834 1813 914 1868; x_wconf 84' lang='lat' dir='ltr'><strong>snpra</strong></span> <span class='ocrx_word' id='word_1_185' title='bbox 930 1797 988 1849; x_wconf 90' lang='lat' dir='ltr'><strong>illos</strong></span> <span class='ocrx_word' id='word_1_186' title='bbox 1001 1796 1154 1850; x_wconf 84' lang='lat' dir='ltr'><strong>attollendos</strong></span> <span class='ocrx_word' id='word_1_187' title='bbox 1166 1814 1194 1850; x_wconf 88' lang='lat' dir='ltr'><strong>se</strong></span> <span class='ocrx_word' id='word_1_188' title='bbox 1206 1813 1263 1850; x_wconf 89' lang='lat' dir='ltr'><strong>esse</strong></span> 
     </span>
     <span class='ocr_line' id='line_1_19' title="bbox 96 1881 1262 1952; baseline 0.003 -18"><span class='ocrx_word' id='word_1_189' title='bbox 96 1882 246 1946; x_wconf 82' lang='lat' dir='ltr'><strong>crederent,</strong></span> <span class='ocrx_word' id='word_1_190' title='bbox 258 1887 284 1935; x_wconf 88' lang='lat' dir='ltr'><strong>et</strong></span> <span class='ocrx_word' id='word_1_191' title='bbox 295 1882 327 1936; x_wconf 89' lang='lat' dir='ltr'><strong>ad</strong></span> <span class='ocrx_word' id='word_1_192' title='bbox 339 1898 471 1937; x_wconf 87' lang='lat' dir='ltr'><strong>summum</strong></span> <span class='ocrx_word' id='word_1_193' title='bbox 482 1885 555 1936; x_wconf 92' lang='lat' dir='ltr'><strong>illurn</strong></span> <span class='ocrx_word' id='word_1_194' title='bbox 563 1883 666 1936; x_wconf 86' lang='lat' dir='ltr'><strong>Patrem</strong></span> <span class='ocrx_word' id='word_1_195' title='bbox 677 1898 830 1948; x_wconf 88' lang='lat' dir='ltr'><strong>emersuros,</strong></span> <span class='ocrx_word' id='word_1_196' title='bbox 842 1898 872 1935; x_wconf 82' lang='lat' dir='ltr'><strong>ac</strong></span> <span class='ocrx_word' id='word_1_197' title='bbox 884 1881 1052 1936; x_wconf 90' lang='lat' dir='ltr'><strong>nihilomiuus</strong></span> <span class='ocrx_word' id='word_1_198' title='bbox 1064 1887 1159 1947; x_wconf 85' lang='lat' dir='ltr'><strong>tamen,</strong></span> <span class='ocrx_word' id='word_1_199' title='bbox 1172 1899 1262 1952; x_wconf 87' lang='lat' dir='ltr'><strong>quam·</strong></span> 
     </span>
     <span class='ocr_line' id='line_1_20' title="bbox 97 1967 1261 2039; baseline -0.001 -18"><span class='ocrx_word' id='word_1_200' title='bbox 97 1968 144 2021; x_wconf 92' lang='lat' dir='ltr'><strong>diu</strong></span> <span class='ocrx_word' id='word_1_201' title='bbox 156 1968 186 2022; x_wconf 89' lang='lat' dir='ltr'><strong>in</strong></span> <span class='ocrx_word' id='word_1_202' title='bbox 197 1967 248 2020; x_wconf 86' lang='lat' dir='ltr'><strong>hac</strong></span> <span class='ocrx_word' id='word_1_203' title='bbox 259 1968 313 2022; x_wconf 84' lang='lat' dir='ltr'><strong>rita</strong></span> <span class='ocrx_word' id='word_1_204' title='bbox 324 1968 459 2039; x_wconf 90' lang='lat' dir='ltr'><strong>degerent,</strong></span> <span class='ocrx_word' id='word_1_205' title='bbox 477 1968 627 2022; x_wconf 81' lang='lat' dir='ltr'><strong>execrandis</strong></span> <span class='ocrx_word' id='word_1_206' title='bbox 638 1968 689 2021; x_wconf 91' lang='lat' dir='ltr'><strong>illis</strong></span> <span class='ocrx_word' id='word_1_207' title='bbox 700 1967 831 2038; x_wconf 80' lang='lat' dir='ltr'><strong>mysteriis</strong></span> <span class='ocrx_word' id='word_1_208' title='bbox 842 1985 872 2021; x_wconf 89' lang='lat' dir='ltr'><strong>ac</strong></span> <span class='ocrx_word' id='word_1_209' title='bbox 884 1968 976 2021; x_wconf 87' lang='lat' dir='ltr'><strong>ritibus</strong></span> <span class='ocrx_word' id='word_1_210' title='bbox 987 1967 1140 2038; x_wconf 85' lang='lat' dir='ltr'><strong>placandos,</strong></span> <span class='ocrx_word' id='word_1_211' title='bbox 1158 1985 1191 2020; x_wconf 91' lang='lat' dir='ltr'><strong>ue</strong></span> <span class='ocrx_word' id='word_1_212' title='bbox 1201 1983 1261 2022; x_wconf 84' lang='lat' dir='ltr'><strong>ero-</strong></span> 
     </span>
     <span class='ocr_line' id='line_1_21' title="bbox 97 2041 1261 2124; baseline 0.002 -18"><span class='ocrx_word' id='word_1_213' title='bbox 97 2054 187 2106; x_wconf 87' lang='lat' dir='ltr'><strong>lantes</strong></span> <span class='ocrx_word' id='word_1_214' title='bbox 204 2069 220 2105; x_wconf 88' lang='lat' dir='ltr'><strong>e</strong></span> <span class='ocrx_word' id='word_1_215' title='bbox 237 2054 388 2124; x_wconf 90' lang='lat' dir='ltr'><strong>corporibus</strong></span> <span class='ocrx_word' id='word_1_216' title='bbox 400 2055 499 2108; x_wconf 76' lang='lat' dir='ltr'><strong>mimas</strong></span> <span class='ocrx_word' id='word_1_217' title='bbox 515 2071 562 2124; x_wconf 91' lang='lat' dir='ltr'><strong>pro</strong></span> <span class='ocrx_word' id='word_1_218' title='bbox 574 2041 689 2108; x_wconf 43' lang='lat' dir='ltr'><strong>suo&#39;iura</strong></span> <span class='ocrx_word' id='word_1_219' title='bbox 706 2054 851 2108; x_wconf 82' lang='lat' dir='ltr'><strong>retinerent</strong></span> <span class='ocrx_word' id='word_1_220' title='bbox 875 2053 950 2118; x_wconf 80' lang='lat' dir='ltr'><strong>Quod</strong></span> <span class='ocrx_word' id='word_1_221' title='bbox 962 2054 1080 2108; x_wconf 86' lang='lat' dir='ltr'><strong>Gnostici</strong></span> <span class='ocrx_word' id='word_1_222' title='bbox 1096 2054 1261 2124; x_wconf 86' lang='lat' dir='ltr'><strong>postmodum</strong></span> 
     </span>
     <span class='ocr_line' id='line_1_22' title="bbox 98 2127 1076 2210; baseline 0 -18"><span class='ocrx_word' id='word_1_223' title='bbox 98 2139 275 2210; x_wconf 81' lang='lat' dir='ltr'><strong>arripuerunt.</strong></span> <span class='ocrx_word' id='word_1_224' title='bbox 299 2138 414 2202; x_wconf 85' lang='lat' dir='ltr'><strong>Quorum</strong></span> <span class='ocrx_word' id='word_1_225' title='bbox 424 2140 487 2192; x_wconf 89' lang='lat' dir='ltr'><strong>illud</strong></span> <span class='ocrx_word' id='word_1_226' title='bbox 499 2145 567 2204; x_wconf 86' lang='lat' dir='ltr'><strong>erat,</strong></span> <span class='ocrx_word' id='word_1_227' title='bbox 584 2139 613 2191; x_wconf 81' lang='lat' dir='ltr'><strong>rit</strong></span> <span class='ocrx_word' id='word_1_228' title='bbox 624 2127 727 2209; x_wconf 80' lang='grc' dir='ltr'>σαρκικὰ</span> <span class='ocrx_word' id='word_1_229' title='bbox 738 2143 788 2200; x_wconf 83' lang='grc' dir='ltr'>τοῖς</span> <span class='ocrx_word' id='word_1_230' title='bbox 798 2143 921 2210; x_wconf 80' lang='grc' dir='ltr'>σαρκικοῖς</span> <span class='ocrx_word' id='word_1_231' title='bbox 933 2136 1076 2192; x_wconf 75' lang='grc' dir='ltr'>ἀποδοτέον.</span> 
     </span>
    </p>

    <p class='ocr_par' dir='ltr' id='par_1_4' title="bbox 99 2219 1262 2552">
     <span class='ocr_line' id='line_1_23' title="bbox 168 2219 1262 2296; baseline 0.006 -23"><span class='ocrx_word' id='word_1_232' title='bbox 168 2219 206 2274; x_wconf 83' lang='grc' dir='ltr'><em>Ἥ</em></span> <span class='ocrx_word' id='word_1_233' title='bbox 215 2221 261 2274; x_wconf 85' lang='grc' dir='ltr'>τίνι</span> <span class='ocrx_word' id='word_1_234' title='bbox 272 2227 309 2294; x_wconf 84' lang='grc' dir='ltr'>τῷ</span> <span class='ocrx_word' id='word_1_235' title='bbox 322 2222 393 2295; x_wconf 82' lang='grc' dir='ltr'>λόγῳ</span> <span class='ocrx_word' id='word_1_236' title='bbox 405 2224 434 2276; x_wconf 85' lang='lat' dir='ltr'><strong>rb</strong></span> <span class='ocrx_word' id='word_1_237' title='bbox 446 2223 573 2292; x_wconf 73' lang='grc' dir='ltr'>ἐπίθετον]</span> <span class='ocrx_word' id='word_1_238' title='bbox 590 2223 656 2289; x_wconf 86' lang='lat' dir='ltr'><strong>Quid</strong></span> <span class='ocrx_word' id='word_1_239' title='bbox 668 2225 773 2278; x_wconf 88' lang='lat' dir='ltr'><strong>tandem</strong></span> <span class='ocrx_word' id='word_1_240' title='bbox 784 2226 834 2278; x_wconf 88' lang='lat' dir='ltr'><strong>sibi</strong></span> <span class='ocrx_word' id='word_1_241' title='bbox 845 2227 901 2279; x_wconf 80' lang='lat' dir='ltr'><strong>uult</strong></span> <span class='ocrx_word' id='word_1_242' title='bbox 911 2223 1087 2296; x_wconf 78' lang='lat' dir='ltr'><strong>Epiphanius?</strong></span> <span class='ocrx_word' id='word_1_243' title='bbox 1096 2224 1181 2294; x_wconf 89' lang='lat' dir='ltr'><strong>Negat</strong></span> <span class='ocrx_word' id='word_1_244' title='bbox 1192 2225 1262 2280; x_wconf 87' lang='lat' dir='ltr'><strong>enirn</strong></span> 
     </span>
     <span class='ocr_line' id='line_1_24' title="bbox 99 2305 1260 2382; baseline 0.003 -20"><span class='ocrx_word' id='word_1_245' title='bbox 99 2309 237 2364; x_wconf 87' lang='lat' dir='ltr'><strong>Simonem</strong></span> <span class='ocrx_word' id='word_1_246' title='bbox 248 2305 328 2364; x_wconf 88' lang='lat' dir='ltr'><strong>ullam</strong></span> <span class='ocrx_word' id='word_1_247' title='bbox 338 2310 389 2363; x_wconf 90' lang='lat' dir='ltr'><strong>sibi</strong></span> <span class='ocrx_word' id='word_1_248' title='bbox 400 2311 598 2382; x_wconf 89' lang='lat' dir='ltr'><strong>appellationem</strong></span> <span class='ocrx_word' id='word_1_249' title='bbox 610 2310 742 2364; x_wconf 87' lang='lat' dir='ltr'><strong>indidisse.</strong></span> <span class='ocrx_word' id='word_1_250' title='bbox 770 2312 805 2364; x_wconf 80' lang='lat' dir='ltr'><strong>at</strong></span> <span class='ocrx_word' id='word_1_251' title='bbox 821 2312 913 2380; x_wconf 75' lang='lat' dir='ltr'><strong>quiuis</strong></span> <span class='ocrx_word' id='word_1_252' title='bbox 929 2311 1007 2364; x_wconf 88' lang='lat' dir='ltr'><strong>trium</strong></span> <span class='ocrx_word' id='word_1_253' title='bbox 1025 2310 1076 2364; x_wconf 91' lang='lat' dir='ltr'><strong>sibi</strong></span> <span class='ocrx_word' id='word_1_254' title='bbox 1091 2327 1260 2380; x_wconf 78' lang='lat' dir='ltr'><strong>personarum</strong></span> 
     </span>
     <span class='ocr_line' id='line_1_25' title="bbox 100 2394 1260 2469; baseline 0.003 -19"><span class='ocrx_word' id='word_1_255' title='bbox 100 2396 209 2450; x_wconf 88' lang='lat' dir='ltr'><strong>uomina</strong></span> <span class='ocrx_word' id='word_1_256' title='bbox 219 2394 380 2461; x_wconf 79' lang='lat' dir='ltr'><strong>vindicabat,</strong></span> <span class='ocrx_word' id='word_1_257' title='bbox 398 2401 423 2449; x_wconf 89' lang='lat' dir='ltr'><strong>at</strong></span> <span class='ocrx_word' id='word_1_258' title='bbox 434 2397 533 2466; x_wconf 80' lang='grc' dir='ltr'>δύναμιν</span> <span class='ocrx_word' id='word_1_259' title='bbox 545 2398 612 2452; x_wconf 90' lang='lat' dir='ltr'><strong>iuter</strong></span> <span class='ocrx_word' id='word_1_260' title='bbox 623 2402 708 2450; x_wconf 89' lang='lat' dir='ltr'><strong>cetera</strong></span> <span class='ocrx_word' id='word_1_261' title='bbox 720 2397 776 2449; x_wconf 81' lang='grc' dir='ltr'>θεοῦ</span> <span class='ocrx_word' id='word_1_262' title='bbox 788 2413 845 2450; x_wconf 88' lang='lat' dir='ltr'><strong>esse</strong></span> <span class='ocrx_word' id='word_1_263' title='bbox 854 2396 1018 2461; x_wconf 88' lang='lat' dir='ltr'><strong>nominabat,</strong></span> <span class='ocrx_word' id='word_1_264' title='bbox 1034 2395 1083 2449; x_wconf 93' lang='lat' dir='ltr'><strong>hoc</strong></span> <span class='ocrx_word' id='word_1_265' title='bbox 1099 2401 1150 2461; x_wconf 85' lang='lat' dir='ltr'><strong>est,</strong></span> <span class='ocrx_word' id='word_1_266' title='bbox 1167 2402 1196 2450; x_wconf 87' lang='lat' dir='ltr'><strong>ut</strong></span> <span class='ocrx_word' id='word_1_267' title='bbox 1211 2413 1260 2469; x_wconf 87' lang='lat' dir='ltr'><strong>ego</strong></span> 
     </span>
     <span class='ocr_line' id='line_1_26' title="bbox 100 2480 589 2552; baseline 0.01 -19"><span class='ocrx_word' id='word_1_268' title='bbox 100 2481 268 2552; x_wconf 86' lang='lat' dir='ltr'><strong>interpretor,</strong></span> <span class='ocrx_word' id='word_1_269' title='bbox 281 2481 322 2535; x_wconf 87' lang='lat' dir='ltr'><strong>dei</strong></span> <span class='ocrx_word' id='word_1_270' title='bbox 333 2480 425 2537; x_wconf 89' lang='lat' dir='ltr'><strong>lilium.</strong></span> <span class='ocrx_word' id='word_1_271' title='bbox 448 2482 513 2537; x_wconf 83' lang='lat' dir='ltr'><strong>Vide</strong></span> <span class='ocrx_word' id='word_1_272' title='bbox 523 2481 589 2538; x_wconf 90' lang='lat' dir='ltr'><strong>Iren.</strong></span> 
     </span>
    </p>

    <p class='ocr_par' dir='ltr' id='par_1_5' title="bbox 104 2565 1261 3069">
     <span class='ocr_line' id='line_1_27' title="bbox 170 2565 1261 2639; baseline 0.005 -22"><span class='ocrx_word' id='word_1_273' title='bbox 170 2565 211 2618; x_wconf 84' lang='grc' dir='ltr'>Ἐν</span> <span class='ocrx_word' id='word_1_274' title='bbox 224 2566 285 2637; x_wconf 81' lang='grc' dir='ltr'>μέση</span> <span class='ocrx_word' id='word_1_275' title='bbox 297 2571 327 2638; x_wconf 73' lang='grc' dir='ltr'>τῇ</span> <span class='ocrx_word' id='word_1_276' title='bbox 339 2569 388 2619; x_wconf 83' lang='grc' dir='ltr'><strong>τῶν</strong></span> <span class='ocrx_word' id='word_1_277' title='bbox 400 2566 530 2639; x_wconf 82' lang='grc' dir='ltr'>Ῥωμαίων</span> <span class='ocrx_word' id='word_1_278' title='bbox 542 2567 633 2635; x_wconf 75' lang='grc' dir='ltr'>πόλει]</span> <span class='ocrx_word' id='word_1_279' title='bbox 654 2568 727 2622; x_wconf 83' lang='lat' dir='ltr'><strong>Hanc</strong></span> <span class='ocrx_word' id='word_1_280' title='bbox 736 2567 871 2622; x_wconf 88' lang='lat' dir='ltr'><strong>historiam</strong></span> <span class='ocrx_word' id='word_1_281' title='bbox 887 2573 986 2622; x_wconf 79' lang='lat' dir='ltr'><strong>ueteres</strong></span> <span class='ocrx_word' id='word_1_282' title='bbox 999 2583 1088 2621; x_wconf 88' lang='lat' dir='ltr'><strong>omues</strong></span> <span class='ocrx_word' id='word_1_283' title='bbox 1100 2568 1189 2622; x_wconf 86' lang='lat' dir='ltr'><strong>Patres</strong></span> <span class='ocrx_word' id='word_1_284' title='bbox 1200 2575 1261 2639; x_wconf 90' lang='lat' dir='ltr'><strong>post</strong></span> 
     </span>
     <span class='ocr_line' id='line_1_28' title="bbox 104 2650 1261 2723; baseline 0.002 -19"><span class='ocrx_word' id='word_1_285' title='bbox 104 2650 233 2706; x_wconf 88' lang='lat' dir='ltr'><strong>lustinum</strong></span> <span class='ocrx_word' id='word_1_286' title='bbox 249 2652 375 2718; x_wconf 82' lang='lat' dir='ltr'><strong>referunt,</strong></span> <span class='ocrx_word' id='word_1_287' title='bbox 395 2653 536 2719; x_wconf 82' lang='lat' dir='ltr'><strong>Eusebius,</strong></span> <span class='ocrx_word' id='word_1_288' title='bbox 553 2653 676 2723; x_wconf 76' lang='lat' dir='ltr'><strong>Gyrillns,</strong></span> <span class='ocrx_word' id='word_1_289' title='bbox 693 2659 719 2707; x_wconf 91' lang='lat' dir='ltr'><strong>et</strong></span> <span class='ocrx_word' id='word_1_290' title='bbox 730 2655 781 2707; x_wconf 84' lang='lat' dir='ltr'><strong>alii.</strong></span> <span class='ocrx_word' id='word_1_291' title='bbox 814 2654 865 2708; x_wconf 88' lang='lat' dir='ltr'><strong>Sed</strong></span> <span class='ocrx_word' id='word_1_292' title='bbox 882 2654 913 2708; x_wconf 91' lang='lat' dir='ltr'><strong>ds</strong></span> <span class='ocrx_word' id='word_1_293' title='bbox 924 2659 1012 2708; x_wconf 83' lang='lat' dir='ltr'><strong>status</strong></span> <span class='ocrx_word' id='word_1_294' title='bbox 1023 2653 1123 2706; x_wconf 82' lang='lat' dir='ltr'><strong>Simoni</strong></span> <span class='ocrx_word' id='word_1_295' title='bbox 1141 2653 1261 2706; x_wconf 87' lang='lat' dir='ltr'><strong>cumbae</strong></span> 
     </span>
     <span class='ocr_line' id='line_1_29' title="bbox 104 2737 1260 2810; baseline 0 -18"><span class='ocrx_word' id='word_1_296' title='bbox 104 2739 270 2808; x_wconf 86' lang='lat' dir='ltr'><strong>inscriptione</strong></span> <span class='ocrx_word' id='word_1_297' title='bbox 280 2739 377 2810; x_wconf 90' lang='lat' dir='ltr'><strong>posita,</strong></span> <span class='ocrx_word' id='word_1_298' title='bbox 389 2738 508 2794; x_wconf 86' lang='lat' dir='ltr'><strong>SIMONI</strong></span> <span class='ocrx_word' id='word_1_299' title='bbox 524 2739 591 2792; x_wconf 86' lang='lat' dir='ltr'><strong>DEO</strong></span> <span class='ocrx_word' id='word_1_300' title='bbox 609 2739 752 2804; x_wconf 81' lang='lat' dir='ltr'><strong>SANGTO,</strong></span> <span class='ocrx_word' id='word_1_301' title='bbox 768 2741 807 2793; x_wconf 84' lang='lat' dir='ltr'><strong>vir</strong></span> <span class='ocrx_word' id='word_1_302' title='bbox 819 2739 924 2810; x_wconf 87' lang='lat' dir='ltr'><strong>qnidam</strong></span> <span class='ocrx_word' id='word_1_303' title='bbox 936 2739 1050 2792; x_wconf 90' lang='lat' dir='ltr'><strong>eruditus</strong></span> <span class='ocrx_word' id='word_1_304' title='bbox 1063 2737 1203 2804; x_wconf 82' lang='lat' dir='ltr'><strong>addubitat,</strong></span> <span class='ocrx_word' id='word_1_305' title='bbox 1215 2739 1260 2808; x_wconf 89' lang='lat' dir='ltr'><strong>qni</strong></span> 
     </span>
     <span class='ocr_line' id='line_1_30' title="bbox 106 2821 1259 2896; baseline 0 -18"><span class='ocrx_word' id='word_1_306' title='bbox 106 2824 230 2878; x_wconf 88' lang='lat' dir='ltr'><strong>lmtinnru</strong></span> <span class='ocrx_word' id='word_1_307' title='bbox 243 2823 369 2880; x_wconf 84' lang='lat' dir='ltr'><strong>Graecum</strong></span> <span class='ocrx_word' id='word_1_308' title='bbox 378 2821 509 2880; x_wconf 90' lang='lat' dir='ltr'><strong>hominem</strong></span> <span class='ocrx_word' id='word_1_309' title='bbox 521 2843 605 2880; x_wconf 87' lang='lat' dir='ltr'><strong>errore</strong></span> <span class='ocrx_word' id='word_1_310' title='bbox 617 2826 752 2896; x_wconf 91' lang='lat' dir='ltr'><strong>deceptum</strong></span> <span class='ocrx_word' id='word_1_311' title='bbox 763 2831 846 2895; x_wconf 88' lang='lat' dir='ltr'><strong>putat,</strong></span> <span class='ocrx_word' id='word_1_312' title='bbox 858 2841 917 2877; x_wconf 89' lang='lat' dir='ltr'><strong>curn</strong></span> <span class='ocrx_word' id='word_1_313' title='bbox 929 2825 1063 2894; x_wconf 81' lang='lat' dir='ltr'><strong>vulgarem</strong></span> <span class='ocrx_word' id='word_1_314' title='bbox 1075 2823 1146 2876; x_wconf 87' lang='lat' dir='ltr'><strong>illarn</strong></span> <span class='ocrx_word' id='word_1_315' title='bbox 1157 2839 1188 2876; x_wconf 89' lang='lat' dir='ltr'><strong>ac</strong></span> <span class='ocrx_word' id='word_1_316' title='bbox 1200 2839 1259 2894; x_wconf 83' lang='lat' dir='ltr'><strong>pas-</strong></span> 
     </span>
     <span class='ocr_line' id='line_1_31' title="bbox 106 2908 1260 2982; baseline 0.001 -18"><span class='ocrx_word' id='word_1_317' title='bbox 106 2911 153 2964; x_wconf 85' lang='lat' dir='ltr'><strong>sim</strong></span> <span class='ocrx_word' id='word_1_318' title='bbox 164 2913 297 2965; x_wconf 79' lang='lat' dir='ltr'><strong>extentam</strong></span> <span class='ocrx_word' id='word_1_319' title='bbox 308 2909 441 2982; x_wconf 72' lang='grc' dir='ltr'>ἐπιγραφὴν</span> <span class='ocrx_word' id='word_1_320' title='bbox 452 2912 561 2982; x_wconf 82' lang='lat' dir='ltr'><strong>legisset</strong></span> <span class='ocrx_word' id='word_1_321' title='bbox 571 2909 699 2966; x_wconf 73' lang='lat' dir='ltr'><strong>senoni</strong></span> <span class='ocrx_word' id='word_1_322' title='bbox 709 2911 778 2964; x_wconf 88' lang='grc' dir='ltr'><strong>Ι)Εο</strong></span> <span class='ocrx_word' id='word_1_323' title='bbox 789 2909 934 2976; x_wconf 73' lang='lat' dir='ltr'><strong>sanctu,</strong></span> <span class='ocrx_word' id='word_1_324' title='bbox 945 2909 1077 2963; x_wconf 89' lang='lat' dir='ltr'><strong>Simonem</strong></span> <span class='ocrx_word' id='word_1_325' title='bbox 1089 2925 1135 2980; x_wconf 90' lang='lat' dir='ltr'><strong>pro</strong></span> <span class='ocrx_word' id='word_1_326' title='bbox 1147 2908 1260 2966; x_wconf 87' lang='lat' dir='ltr'><strong>Semous</strong></span> 
     </span>
     <span class='ocr_line' id='line_1_32' title="bbox 106 2995 919 3069; baseline -0.006 -16"><span class='ocrx_word' id='word_1_327' title='bbox 106 2997 241 3069; x_wconf 83' lang='lat' dir='ltr'><strong>accepisse.</strong></span> <span class='ocrx_word' id='word_1_328' title='bbox 265 2995 336 3062; x_wconf 84' lang='lat' dir='ltr'><strong>Quae</strong></span> <span class='ocrx_word' id='word_1_329' title='bbox 346 2997 411 3052; x_wconf 90' lang='lat' dir='ltr'><strong>mihi</strong></span> <span class='ocrx_word' id='word_1_330' title='bbox 421 2999 568 3052; x_wconf 88' lang='lat' dir='ltr'><strong>coniectura</strong></span> <span class='ocrx_word' id='word_1_331' title='bbox 579 3013 642 3052; x_wconf 89' lang='lat' dir='ltr'><strong>sane</strong></span> <span class='ocrx_word' id='word_1_332' title='bbox 652 2995 793 3069; x_wconf 88' lang='lat' dir='ltr'><strong>probabilis</strong></span> <span class='ocrx_word' id='word_1_333' title='bbox 805 3002 844 3049; x_wconf 90' lang='lat' dir='ltr'><strong>est</strong></span> <span class='ocrx_word' id='word_1_334' title='bbox 855 2996 919 3049; x_wconf 84' lang='lat' dir='ltr'><strong>risa.</strong></span> 
     </span>
    </p>
   </div>
   <div class='ocr_carea' id='block_1_3' title="bbox 314 3149 1049 3218">
    <p class='ocr_par' dir='ltr' id='par_1_6' title="bbox 314 3149 1049 3218">
     <span class='ocr_line' id='line_1_33' title="bbox 314 3149 1049 3218; baseline -0.005 -10"><span class='ocrx_word' id='word_1_335' title='bbox 314 3151 360 3208; x_wconf 79' lang='lat' dir='ltr'><strong>AD</strong></span> <span class='ocrx_word' id='word_1_336' title='bbox 376 3152 549 3208; x_wconf 71' lang='lat' dir='ltr'><strong>munem</strong></span> <span class='ocrx_word' id='word_1_337' title='bbox 565 3151 659 3218; x_wconf 83' lang='lat' dir='ltr'><strong>XXII,</strong></span> <span class='ocrx_word' id='word_1_338' title='bbox 677 3151 766 3216; x_wconf 81' lang='lat' dir='ltr'><strong>Quon</strong></span> <span class='ocrx_word' id='word_1_339' title='bbox 783 3151 846 3206; x_wconf 76' lang='lat' dir='ltr'><strong>EST</strong></span> <span class='ocrx_word' id='word_1_340' title='bbox 862 3149 1049 3206; x_wconf 68' lang='lat' dir='ltr'><strong>munuum</strong></span> 
     </span>
    </p>
   </div>
   <div class='ocr_carea' id='block_1_4' title="bbox 109 3253 1286 4616">
    <p class='ocr_par' dir='ltr' id='par_1_7' title="bbox 109 3253 1286 3671">
     <span class='ocr_line' id='line_1_34' title="bbox 170 3253 1258 3327; baseline -0.004 -17"><span class='ocrx_word' id='word_1_341' title='bbox 170 3253 209 3310; x_wconf 79' lang='lat' dir='ltr'><strong>De</strong></span> <span class='ocrx_word' id='word_1_342' title='bbox 220 3254 362 3310; x_wconf 69' lang='lat' dir='ltr'><strong>Menandro</strong></span> <span class='ocrx_word' id='word_1_343' title='bbox 374 3257 470 3327; x_wconf 82' lang='lat' dir='ltr'><strong>Tertul.</strong></span> <span class='ocrx_word' id='word_1_344' title='bbox 489 3257 520 3311; x_wconf 80' lang='lat' dir='ltr'><strong>de</strong></span> <span class='ocrx_word' id='word_1_345' title='bbox 536 3257 650 3312; x_wconf 82' lang='lat' dir='ltr'><strong>Praescr.</strong></span> <span class='ocrx_word' id='word_1_346' title='bbox 666 3271 688 3310; x_wconf 85' lang='lat' dir='ltr'><strong>c.</strong></span> <span class='ocrx_word' id='word_1_347' title='bbox 701 3271 770 3309; x_wconf 71' lang='grc' dir='ltr'>τινι.</span> <span class='ocrx_word' id='word_1_348' title='bbox 803 3255 866 3308; x_wconf 82' lang='lat' dir='ltr'><strong>Post</strong></span> <span class='ocrx_word' id='word_1_349' title='bbox 881 3255 946 3308; x_wconf 76' lang='lat' dir='ltr'><strong>hanc</strong></span> <span class='ocrx_word' id='word_1_350' title='bbox 961 3255 1104 3308; x_wconf 80' lang='lat' dir='ltr'><strong>Menander</strong></span> <span class='ocrx_word' id='word_1_351' title='bbox 1120 3256 1258 3324; x_wconf 81' lang='lat' dir='ltr'><strong>discipulos</strong></span> 
     </span>
     <span class='ocr_line' id='line_1_35' title="bbox 109 3325 1286 3413; baseline -0.001 -20"><span class='ocrx_word' id='word_1_352' title='bbox 109 3343 184 3406; x_wconf 78' lang='lat' dir='ltr'><strong>illias,</strong></span> <span class='ocrx_word' id='word_1_353' title='bbox 195 3343 311 3395; x_wconf 78' lang='lat' dir='ltr'><strong>similiter</strong></span> <span class='ocrx_word' id='word_1_354' title='bbox 321 3360 421 3411; x_wconf 71' lang='lat' dir='ltr'><strong>cropus,</strong></span> <span class='ocrx_word' id='word_1_355' title='bbox 434 3345 521 3396; x_wconf 83' lang='lat' dir='ltr'><strong>eudem</strong></span> <span class='ocrx_word' id='word_1_356' title='bbox 535 3346 620 3398; x_wconf 80' lang='lat' dir='ltr'><strong>diceus</strong></span> <span class='ocrx_word' id='word_1_357' title='bbox 631 3357 695 3413; x_wconf 70' lang='lat' dir='ltr'><strong>quoae</strong></span> <span class='ocrx_word' id='word_1_358' title='bbox 706 3341 791 3394; x_wconf 78' lang='lat' dir='ltr'><strong>Simon</strong></span> <span class='ocrx_word' id='word_1_359' title='bbox 802 3345 864 3412; x_wconf 78' lang='grc' dir='ltr'>ι’ροε,</span> <span class='ocrx_word' id='word_1_360' title='bbox 876 3343 995 3411; x_wconf 78' lang='lat' dir='ltr'><strong>quicquid</strong></span> <span class='ocrx_word' id='word_1_361' title='bbox 1009 3357 1035 3392; x_wconf 86' lang='lat' dir='ltr'><strong>sc</strong></span> <span class='ocrx_word' id='word_1_362' title='bbox 1046 3339 1131 3394; x_wconf 67' lang='lat' dir='ltr'><strong>&amp;mora</strong></span> <span class='ocrx_word' id='word_1_363' title='bbox 1148 3341 1257 3405; x_wconf 66' lang='grc' dir='ltr'>ἄνασσαι,</span> <span class='ocrx_word' id='word_1_364' title='bbox 1281 3325 1286 3338; x_wconf 65' lang='grc'><em>’</em></span> 
     </span>
     <span class='ocr_line' id='line_1_36' title="bbox 111 3427 1257 3498; baseline 0 -18"><span class='ocrx_word' id='word_1_365' title='bbox 111 3428 154 3480; x_wconf 87' lang='lat' dir='ltr'><strong>hoo</strong></span> <span class='ocrx_word' id='word_1_366' title='bbox 164 3447 188 3482; x_wconf 84' lang='grc' dir='ltr'>ια</span> <span class='ocrx_word' id='word_1_367' title='bbox 199 3427 339 3482; x_wconf 81' lang='lat' dir='ltr'><strong>Menander</strong></span> <span class='ocrx_word' id='word_1_368' title='bbox 356 3446 408 3482; x_wconf 80' lang='lat' dir='ltr'><strong>carc</strong></span> <span class='ocrx_word' id='word_1_369' title='bbox 420 3429 531 3492; x_wconf 82' lang='lat' dir='ltr'><strong>dicebat,</strong></span> <span class='ocrx_word' id='word_1_370' title='bbox 549 3447 644 3498; x_wconf 79' lang='lat' dir='ltr'><strong>aspona</strong></span> <span class='ocrx_word' id='word_1_371' title='bbox 655 3428 749 3480; x_wconf 80' lang='lat' dir='ltr'><strong>babere</strong></span> <span class='ocrx_word' id='word_1_372' title='bbox 760 3445 895 3498; x_wconf 78' lang='lat' dir='ltr'><strong>qrccnqrram</strong></span> <span class='ocrx_word' id='word_1_373' title='bbox 903 3445 978 3498; x_wconf 81' lang='lat' dir='ltr'><strong>posse</strong></span> <span class='ocrx_word' id='word_1_374' title='bbox 994 3427 1099 3479; x_wconf 79' lang='lat' dir='ltr'><strong>salntem</strong></span> <span class='ocrx_word' id='word_1_375' title='bbox 1115 3430 1166 3480; x_wconf 78' lang='lat' dir='ltr'><strong>arisi</strong></span> <span class='ocrx_word' id='word_1_376' title='bbox 1176 3429 1203 3478; x_wconf 83' lang='grc' dir='ltr'>ι’νι</span> <span class='ocrx_word' id='word_1_377' title='bbox 1214 3445 1257 3480; x_wconf 85' lang='grc' dir='ltr'><strong>αο-</strong></span> 
     </span>
     <span class='ocr_line' id='line_1_37' title="bbox 111 3511 1257 3584; baseline 0.001 -18"><span class='ocrx_word' id='word_1_378' title='bbox 111 3519 170 3568; x_wconf 71' lang='lat' dir='ltr'><strong>ratas</strong></span> <span class='ocrx_word' id='word_1_379' title='bbox 179 3533 221 3568; x_wconf 84' lang='lat' dir='ltr'><strong>roo</strong></span> <span class='ocrx_word' id='word_1_380' title='bbox 233 3514 481 3584; x_wconf 79' lang='lat' dir='ltr'><strong>doptirotnrsna&#39;ssct.</strong></span> <span class='ocrx_word' id='word_1_381' title='bbox 492 3515 557 3569; x_wconf 89' lang='lat' dir='ltr'><strong>Vide</strong></span> <span class='ocrx_word' id='word_1_382' title='bbox 568 3513 662 3569; x_wconf 81' lang='lat' dir='ltr'><strong>Enscb.</strong></span> <span class='ocrx_word' id='word_1_383' title='bbox 675 3514 719 3568; x_wconf 89' lang='lat' dir='ltr'><strong>lib.</strong></span> <span class='ocrx_word' id='word_1_384' title='bbox 731 3513 775 3569; x_wconf 91' lang='lat'>111.</span> <span class='ocrx_word' id='word_1_385' title='bbox 785 3513 852 3569; x_wconf 82' lang='lat' dir='ltr'><strong>Eiet.</strong></span> <span class='ocrx_word' id='word_1_386' title='bbox 868 3529 924 3584; x_wconf 86' lang='lat' dir='ltr'><strong>cap.</strong></span> <span class='ocrx_word' id='word_1_387' title='bbox 936 3513 1125 3579; x_wconf 75' lang='lat' dir='ltr'><strong>u0.,1ustinum</strong></span> <span class='ocrx_word' id='word_1_388' title='bbox 1137 3511 1211 3584; x_wconf 78' lang='lat' dir='ltr'><strong>Apol.</strong></span> <span class='ocrx_word' id='word_1_389' title='bbox 1224 3511 1257 3576; x_wconf 76' lang='grc'><strong>2.,</strong></span> 
     </span>
     <span class='ocr_line' id='line_1_38' title="bbox 111 3597 396 3671; baseline -0.011 -15"><span class='ocrx_word' id='word_1_390' title='bbox 111 3601 220 3671; x_wconf 66' lang='lat' dir='ltr'><strong>amma,</strong></span> <span class='ocrx_word' id='word_1_391' title='bbox 230 3597 336 3653; x_wconf 83' lang='lat' dir='ltr'><strong>Philast</strong></span> <span class='ocrx_word' id='word_1_392' title='bbox 347 3605 396 3654; x_wconf 86' lang='lat' dir='ltr'><strong>etc.</strong></span> 
     </span>
    </p>

    <p class='ocr_par' dir='ltr' id='par_1_8' title="bbox 112 3679 1255 3842">
     <span class='ocr_line' id='line_1_39' title="bbox 172 3679 1255 3758; baseline -0.001 -18"><span class='ocrx_word' id='word_1_393' title='bbox 172 3685 201 3740; x_wconf 82' lang='lat' dir='ltr'><strong>N.</strong></span> <span class='ocrx_word' id='word_1_394' title='bbox 212 3703 229 3738; x_wconf 91' lang='lat' dir='ltr'><strong>r.</strong></span> <span class='ocrx_word' id='word_1_395' title='bbox 254 3680 303 3746; x_wconf 86' lang='grc' dir='ltr'>Ὃς</span> <span class='ocrx_word' id='word_1_396' title='bbox 320 3680 369 3736; x_wconf 76' lang='lat' dir='ltr'><strong>dub</strong></span> <span class='ocrx_word' id='word_1_397' title='bbox 386 3685 543 3758; x_wconf 80' lang='grc' dir='ltr'>Σαμαρειτῶν</span> <span class='ocrx_word' id='word_1_398' title='bbox 560 3683 722 3758; x_wconf 81' lang='grc' dir='ltr'>ὁρμώμενος]</span> <span class='ocrx_word' id='word_1_399' title='bbox 749 3685 875 3740; x_wconf 84' lang='lat' dir='ltr'><strong>Iustinus:</strong></span> <span class='ocrx_word' id='word_1_400' title='bbox 895 3681 943 3738; x_wconf 81' lang='grc' dir='ltr'>οἰτιθ</span> <span class='ocrx_word' id='word_1_401' title='bbox 961 3683 1045 3756; x_wconf 88' lang='grc' dir='ltr'>κώμης</span> <span class='ocrx_word' id='word_1_402' title='bbox 1060 3679 1255 3754; x_wconf 81' lang='grc' dir='ltr'>Κατταρεταίας.</span> 
     </span>
     <span class='ocr_line' id='line_1_40' title="bbox 112 3765 798 3842; baseline -0.004 -16"><span class='ocrx_word' id='word_1_403' title='bbox 112 3771 289 3826; x_wconf 81' lang='lat' dir='ltr'><strong>Theodoretus:</strong></span> <span class='ocrx_word' id='word_1_404' title='bbox 301 3765 350 3822; x_wconf 83' lang='grc' dir='ltr'>σἰπθ</span> <span class='ocrx_word' id='word_1_405' title='bbox 362 3765 455 3841; x_wconf 78' lang='grc' dir='ltr'>Χαβροί</span> <span class='ocrx_word' id='word_1_406' title='bbox 468 3771 551 3842; x_wconf 85' lang='grc' dir='ltr'>κώμης</span> <span class='ocrx_word' id='word_1_407' title='bbox 563 3771 628 3824; x_wconf 77' lang='lat' dir='ltr'><strong>abror</strong></span> <span class='ocrx_word' id='word_1_408' title='bbox 640 3771 798 3842; x_wconf 77' lang='grc' dir='ltr'>καλουμένης.</span> 
     </span>
    </p>

    <p class='ocr_par' dir='ltr' id='par_1_9' title="bbox 115 3851 1256 4616">
     <span class='ocr_line' id='line_1_41' title="bbox 173 3851 1256 3928; baseline -0.002 -18"><span class='ocrx_word' id='word_1_409' title='bbox 173 3855 272 3910; x_wconf 76' lang='lat' dir='ltr'><strong>‘Sacris</strong></span> <span class='ocrx_word' id='word_1_410' title='bbox 284 3854 311 3909; x_wconf 82' lang='grc' dir='ltr'><strong>θθ</strong></span> <span class='ocrx_word' id='word_1_411' title='bbox 321 3851 391 3928; x_wconf 80' lang='grc' dir='ltr'>θλιγε</span> <span class='ocrx_word' id='word_1_412' title='bbox 403 3857 522 3928; x_wconf 80' lang='grc' dir='ltr'>δύναμιν]</span> <span class='ocrx_word' id='word_1_413' title='bbox 562 3857 641 3928; x_wconf 81' lang='lat' dir='ltr'><strong>Atqui</strong></span> <span class='ocrx_word' id='word_1_414' title='bbox 656 3859 722 3913; x_wconf 87' lang='lat' dir='ltr'><strong>iren.</strong></span> <span class='ocrx_word' id='word_1_415' title='bbox 743 3858 788 3910; x_wconf 89' lang='lat' dir='ltr'><strong>lib.</strong></span> <span class='ocrx_word' id='word_1_416' title='bbox 801 3875 817 3910; x_wconf 90' lang='lat' dir='ltr'><strong>r.</strong></span> <span class='ocrx_word' id='word_1_417' title='bbox 837 3871 893 3927; x_wconf 86' lang='lat' dir='ltr'><strong>cap.</strong></span> <span class='ocrx_word' id='word_1_418' title='bbox 905 3873 959 3910; x_wconf 74' lang='grc' dir='ltr'><strong>ιιι.</strong></span> <span class='ocrx_word' id='word_1_419' title='bbox 980 3855 1070 3910; x_wconf 88' lang='lat' dir='ltr'><strong>scribit</strong></span> <span class='ocrx_word' id='word_1_420' title='bbox 1084 3852 1256 3908; x_wconf 83' lang='lat' dir='ltr'><strong>Menandrum</strong></span> 
     </span>
     <span class='ocr_line' id='line_1_42' title="bbox 116 3939 1255 4014; baseline -0.002 -18"><span class='ocrx_word' id='word_1_421' title='bbox 116 3939 204 3996; x_wconf 72' lang='lat' dir='ltr'><strong>mnne</strong></span> <span class='ocrx_word' id='word_1_422' title='bbox 214 3941 325 4012; x_wconf 85' lang='lat' dir='ltr'><strong>primam</strong></span> <span class='ocrx_word' id='word_1_423' title='bbox 337 3943 458 3998; x_wconf 73' lang='lat' dir='ltr'><strong>vtrtuom</strong></span> <span class='ocrx_word' id='word_1_424' title='bbox 469 3944 628 4014; x_wconf 87' lang='lat' dir='ltr'><strong>incognitam</strong></span> <span class='ocrx_word' id='word_1_425' title='bbox 638 3945 758 3998; x_wconf 88' lang='lat' dir='ltr'><strong>omnibus</strong></span> <span class='ocrx_word' id='word_1_426' title='bbox 771 3959 834 4010; x_wconf 87' lang='lat' dir='ltr'><strong>esee,</strong></span> <span class='ocrx_word' id='word_1_427' title='bbox 847 3959 875 3995; x_wconf 91' lang='lat' dir='ltr'><strong>se</strong></span> <span class='ocrx_word' id='word_1_428' title='bbox 887 3959 947 3996; x_wconf 79' lang='lat' dir='ltr'><strong>vero</strong></span> <span class='ocrx_word' id='word_1_429' title='bbox 959 3941 992 3995; x_wconf 90' lang='lat' dir='ltr'><strong>ad</strong></span> <span class='ocrx_word' id='word_1_430' title='bbox 1000 3940 1135 3995; x_wconf 88' lang='lat' dir='ltr'><strong>hominum</strong></span> <span class='ocrx_word' id='word_1_431' title='bbox 1146 3940 1255 3994; x_wconf 87' lang='lat' dir='ltr'><strong>salutem</strong></span> 
     </span>
     <span class='ocr_line' id='line_1_43' title="bbox 116 4026 1255 4100; baseline 0.002 -20"><span class='ocrx_word' id='word_1_432' title='bbox 116 4027 146 4081; x_wconf 87' lang='lat' dir='ltr'><strong>ab</strong></span> <span class='ocrx_word' id='word_1_433' title='bbox 159 4028 251 4098; x_wconf 83' lang='lat' dir='ltr'><strong>augelis</strong></span> <span class='ocrx_word' id='word_1_434' title='bbox 269 4045 327 4084; x_wconf 86' lang='lat' dir='ltr'><strong>esse</strong></span> <span class='ocrx_word' id='word_1_435' title='bbox 343 4029 461 4085; x_wconf 88' lang='lat' dir='ltr'><strong>missurn.</strong></span> <span class='ocrx_word' id='word_1_436' title='bbox 496 4029 580 4093; x_wconf 84' lang='lat' dir='ltr'><strong>Quare</strong></span> <span class='ocrx_word' id='word_1_437' title='bbox 595 4047 648 4083; x_wconf 89' lang='lat' dir='ltr'><strong>non</strong></span> <span class='ocrx_word' id='word_1_438' title='bbox 660 4027 768 4100; x_wconf 77' lang='grc' dir='ltr'>μεγάλην</span> <span class='ocrx_word' id='word_1_439' title='bbox 784 4029 856 4082; x_wconf 89' lang='lat' dir='ltr'><strong>illam</strong></span> <span class='ocrx_word' id='word_1_440' title='bbox 873 4045 901 4082; x_wconf 87' lang='lat' dir='ltr'><strong>ra</strong></span> <span class='ocrx_word' id='word_1_441' title='bbox 921 4045 977 4082; x_wconf 91' lang='lat' dir='ltr'><strong>esse</strong></span> <span class='ocrx_word' id='word_1_442' title='bbox 993 4027 1093 4096; x_wconf 85' lang='grc' dir='ltr'>δύναμιν</span> <span class='ocrx_word' id='word_1_443' title='bbox 1113 4026 1255 4082; x_wconf 74' lang='lat' dir='ltr'><strong>mosminse</strong></span> 
     </span>
     <span class='ocr_line' id='line_1_44' title="bbox 115 4109 1254 4186; baseline -0.003 -18"><span class='ocrx_word' id='word_1_444' title='bbox 115 4113 215 4181; x_wconf 83' lang='lat' dir='ltr'><strong>ridetur,</strong></span> <span class='ocrx_word' id='word_1_445' title='bbox 226 4120 256 4168; x_wconf 88' lang='lat' dir='ltr'><strong>ut</strong></span> <span class='ocrx_word' id='word_1_446' title='bbox 266 4115 348 4186; x_wconf 86' lang='lat' dir='ltr'><strong>ipsius</strong></span> <span class='ocrx_word' id='word_1_447' title='bbox 359 4116 485 4186; x_wconf 85' lang='lat' dir='ltr'><strong>magister</strong></span> <span class='ocrx_word' id='word_1_448' title='bbox 496 4120 523 4168; x_wconf 90' lang='lat' dir='ltr'><strong>et</strong></span> <span class='ocrx_word' id='word_1_449' title='bbox 533 4115 626 4168; x_wconf 90' lang='lat' dir='ltr'><strong>erroris</strong></span> <span class='ocrx_word' id='word_1_450' title='bbox 638 4113 805 4180; x_wconf 82' lang='lat' dir='ltr'><strong>architectus,</strong></span> <span class='ocrx_word' id='word_1_451' title='bbox 821 4114 867 4168; x_wconf 87' lang='lat' dir='ltr'><strong>sed</strong></span> <span class='ocrx_word' id='word_1_452' title='bbox 877 4115 1004 4168; x_wconf 89' lang='lat' dir='ltr'><strong>minorem</strong></span> <span class='ocrx_word' id='word_1_453' title='bbox 1016 4111 1154 4183; x_wconf 86' lang='lat' dir='ltr'><strong>quandam.</strong></span> <span class='ocrx_word' id='word_1_454' title='bbox 1181 4109 1254 4174; x_wconf 88' lang='lat' dir='ltr'><strong>Quod</strong></span> 
     </span>
     <span class='ocr_line' id='line_1_45' title="bbox 117 4196 1253 4270; baseline -0.004 -16"><span class='ocrx_word' id='word_1_455' title='bbox 117 4205 141 4254; x_wconf 83' lang='lat' dir='ltr'><strong>et</strong></span> <span class='ocrx_word' id='word_1_456' title='bbox 153 4199 239 4254; x_wconf 79' lang='lat' dir='ltr'><strong>diserte</strong></span> <span class='ocrx_word' id='word_1_457' title='bbox 256 4199 383 4256; x_wconf 81' lang='lat' dir='ltr'><strong>Theodor.</strong></span> <span class='ocrx_word' id='word_1_458' title='bbox 403 4201 503 4254; x_wconf 83' lang='lat' dir='ltr'><strong>asserit.</strong></span> <span class='ocrx_word' id='word_1_459' title='bbox 529 4198 632 4254; x_wconf 76' lang='lat' dir='ltr'><strong>‘Euurbt</strong></span> <span class='ocrx_word' id='word_1_460' title='bbox 648 4199 687 4270; x_wconf 82' lang='lat' dir='ltr'><strong>di,</strong></span> <span class='ocrx_word' id='word_1_461' title='bbox 703 4200 799 4270; x_wconf 90' lang='lat' dir='ltr'><strong>inquit,</strong></span> <span class='ocrx_word' id='word_1_462' title='bbox 812 4198 892 4267; x_wconf 76' lang='grc' dir='ltr'>αὐτὴν</span> <span class='ocrx_word' id='word_1_463' title='bbox 905 4198 1003 4270; x_wconf 81' lang='grc' dir='ltr'>πρώτην</span> <span class='ocrx_word' id='word_1_464' title='bbox 1016 4196 1130 4267; x_wconf 82' lang='grc' dir='ltr'>ὠνόμασε</span> <span class='ocrx_word' id='word_1_465' title='bbox 1145 4197 1253 4268; x_wconf 89' lang='grc' dir='ltr'>δύναμιν.</span> 
     </span>
     <span class='ocr_line' id='line_1_46' title="bbox 116 4281 1254 4357; baseline 0 -19"><span class='ocrx_word' id='word_1_466' title='bbox 116 4283 245 4357; x_wconf 72' lang='lat' dir='ltr'><strong>&#39;Apsoros</strong></span> <span class='ocrx_word' id='word_1_467' title='bbox 262 4285 308 4356; x_wconf 72' lang='grc' dir='ltr'><strong>γὰρ</strong></span> <span class='ocrx_word' id='word_1_468' title='bbox 321 4282 394 4356; x_wconf 85' lang='grc' dir='ltr'>ίρησε</span> <span class='ocrx_word' id='word_1_469' title='bbox 406 4286 502 4352; x_wconf 90' lang='grc' dir='ltr'>ταύτην·</span> <span class='ocrx_word' id='word_1_470' title='bbox 515 4281 572 4338; x_wconf 76' lang='grc' dir='ltr'>ἀλλ’</span> <span class='ocrx_word' id='word_1_471' title='bbox 584 4284 621 4338; x_wconf 78' lang='grc' dir='ltr'>ἐτ’</span> <span class='ocrx_word' id='word_1_472' title='bbox 633 4283 720 4352; x_wconf 79' lang='grc' dir='ltr'>ἐκείνης</span> <span class='ocrx_word' id='word_1_473' title='bbox 733 4283 881 4338; x_wconf 79' lang='grc' dir='ltr'>ἀπεστθλθαι</span> <span class='ocrx_word' id='word_1_474' title='bbox 892 4284 1070 4356; x_wconf 81' lang='grc' dir='ltr'>βρενθυόμενος.</span> <span class='ocrx_word' id='word_1_475' title='bbox 1094 4282 1168 4348; x_wconf 83' lang='lat' dir='ltr'><strong>Quod</strong></span> <span class='ocrx_word' id='word_1_476' title='bbox 1183 4285 1206 4337; x_wconf 90' lang='lat' dir='ltr'><strong>si</strong></span> <span class='ocrx_word' id='word_1_477' title='bbox 1217 4285 1254 4338; x_wconf 83' lang='lat' dir='ltr'><strong>ira</strong></span> 
     </span>
     <span class='ocr_line' id='line_1_47' title="bbox 116 4369 1253 4444; baseline -0.004 -18"><span class='ocrx_word' id='word_1_478' title='bbox 116 4377 161 4438; x_wconf 85' lang='lat' dir='ltr'><strong>est,</strong></span> <span class='ocrx_word' id='word_1_479' title='bbox 178 4373 219 4443; x_wconf 83' lang='lat' dir='ltr'><strong>qui</strong></span> <span class='ocrx_word' id='word_1_480' title='bbox 234 4388 325 4426; x_wconf 84' lang='lat' dir='ltr'><strong>rerum</strong></span> <span class='ocrx_word' id='word_1_481' title='bbox 339 4388 396 4426; x_wconf 82' lang='lat' dir='ltr'><strong>essa</strong></span> <span class='ocrx_word' id='word_1_482' title='bbox 411 4376 497 4442; x_wconf 88' lang='lat' dir='ltr'><strong>potest</strong></span> <span class='ocrx_word' id='word_1_483' title='bbox 513 4371 583 4443; x_wconf 87' lang='lat' dir='ltr'><strong>quod</strong></span> <span class='ocrx_word' id='word_1_484' title='bbox 598 4372 701 4426; x_wconf 90' lang='lat' dir='ltr'><strong>subiicit</strong></span> <span class='ocrx_word' id='word_1_485' title='bbox 710 4371 880 4444; x_wconf 79' lang='lat' dir='ltr'><strong>Epiphanius,</strong></span> <span class='ocrx_word' id='word_1_486' title='bbox 899 4371 1023 4424; x_wconf 90' lang='lat' dir='ltr'><strong>maiorem</strong></span> <span class='ocrx_word' id='word_1_487' title='bbox 1039 4385 1067 4424; x_wconf 90' lang='lat' dir='ltr'><strong>se</strong></span> <span class='ocrx_word' id='word_1_488' title='bbox 1081 4369 1253 4426; x_wconf 84' lang='lat' dir='ltr'><strong>Menandrum</strong></span> 
     </span>
     <span class='ocr_line' id='line_1_48' title="bbox 117 4455 1253 4530; baseline -0.003 -18"><span class='ocrx_word' id='word_1_489' title='bbox 117 4464 265 4514; x_wconf 80' lang='grc' dir='ltr'>εοθοσαοεοεο</span> <span class='ocrx_word' id='word_1_490' title='bbox 280 4473 327 4512; x_wconf 90' lang='lat' dir='ltr'><strong>auo</strong></span> <span class='ocrx_word' id='word_1_491' title='bbox 339 4473 369 4511; x_wconf 85' lang='lat' dir='ltr'><strong>ac</strong></span> <span class='ocrx_word' id='word_1_492' title='bbox 380 4463 545 4530; x_wconf 89' lang='lat' dir='ltr'><strong>praeceptore</strong></span> <span class='ocrx_word' id='word_1_493' title='bbox 555 4459 680 4512; x_wconf 74' lang='lat' dir='ltr'><strong>notasse?</strong></span> <span class='ocrx_word' id='word_1_494' title='bbox 697 4457 753 4512; x_wconf 92' lang='lat' dir='ltr'><strong>Nisi</strong></span> <span class='ocrx_word' id='word_1_495' title='bbox 763 4459 829 4512; x_wconf 82' lang='lat' dir='ltr'><strong>forte</strong></span> <span class='ocrx_word' id='word_1_496' title='bbox 840 4456 968 4510; x_wconf 82' lang='lat' dir='ltr'><strong>mandacii</strong></span> <span class='ocrx_word' id='word_1_497' title='bbox 983 4455 1032 4510; x_wconf 87' lang='lat' dir='ltr'><strong>hac</strong></span> <span class='ocrx_word' id='word_1_498' title='bbox 1046 4457 1074 4511; x_wconf 92' lang='lat' dir='ltr'><strong>in</strong></span> <span class='ocrx_word' id='word_1_499' title='bbox 1085 4463 1157 4528; x_wconf 86' lang='lat' dir='ltr'><strong>parte</strong></span> <span class='ocrx_word' id='word_1_500' title='bbox 1169 4455 1253 4510; x_wconf 87' lang='lat' dir='ltr'><strong>Simo·</strong></span> 
     </span>
     <span class='ocr_line' id='line_1_49' title="bbox 116 4539 1252 4616; baseline -0.003 -18"><span class='ocrx_word' id='word_1_501' title='bbox 116 4559 168 4599; x_wconf 87' lang='lat' dir='ltr'><strong>uem</strong></span> <span class='ocrx_word' id='word_1_502' title='bbox 180 4559 290 4616; x_wconf 79' lang='lat' dir='ltr'><strong>arguens</strong></span> <span class='ocrx_word' id='word_1_503' title='bbox 309 4559 420 4615; x_wconf 87' lang='lat' dir='ltr'><strong>sumque</strong></span> <span class='ocrx_word' id='word_1_504' title='bbox 441 4543 469 4598; x_wconf 91' lang='lat' dir='ltr'><strong>in</strong></span> <span class='ocrx_word' id='word_1_505' title='bbox 486 4543 601 4600; x_wconf 88' lang='lat' dir='ltr'><strong>ordinem</strong></span> <span class='ocrx_word' id='word_1_506' title='bbox 620 4543 752 4614; x_wconf 75' lang='lat' dir='ltr'><strong>redigens,</strong></span> <span class='ocrx_word' id='word_1_507' title='bbox 771 4543 821 4598; x_wconf 89' lang='lat' dir='ltr'><strong>sibi</strong></span> <span class='ocrx_word' id='word_1_508' title='bbox 837 4543 888 4614; x_wconf 90' lang='lat' dir='ltr'><strong>ipsi</strong></span> <span class='ocrx_word' id='word_1_509' title='bbox 903 4543 1031 4598; x_wconf 78' lang='lat' dir='ltr'><strong>interioris</strong></span> <span class='ocrx_word' id='word_1_510' title='bbox 1047 4543 1117 4598; x_wconf 88' lang='lat' dir='ltr'><strong>illius</strong></span> <span class='ocrx_word' id='word_1_511' title='bbox 1129 4539 1252 4614; x_wconf 77' lang='grc' dir='ltr'>δυνάμεως</span> 
     </span>
    </p>
   </div>
   <div class='ocr_carea' id='block_1_5' title="bbox 0 0 1588 5044">
    <p class='ocr_par' dir='ltr' id='par_1_10' title="bbox 0 0 1588 5044">
     <span class='ocr_line' id='line_1_50' title="bbox 0 0 1588 5044; baseline 0 0"><span class='ocrx_word' id='word_1_512' title='bbox 0 0 1588 5044; x_wconf 95' lang='lat' dir='ltr'><strong> </strong></span> 
     </span>
    </p>
   </div>
  </div>
 </body>
</html>
