<?xml version="1.0" encoding="UTF-8"?>
<!DOCTYPE html PUBLIC "-//W3C//DTD XHTML 1.0 Transitional//EN"
    "http://www.w3.org/TR/xhtml1/DTD/xhtml1-transitional.dtd">
<html xmlns="http://www.w3.org/1999/xhtml" xml:lang="en" lang="en">
 <head>
  <title>
</title>
<meta http-equiv="Content-Type" content="text/html;charset=utf-8" />
  <meta name='ocr-system' content='tesseract 3.04.00' />
  <meta name='ocr-capabilities' content='ocr_page ocr_carea ocr_par ocr_line ocrx_word'/>
</head>
<body>
  <div class='ocr_page' id='page_1' title='image "./corporishaerese05oehlgoog_0324.png"; bbox 0 0 3104 5038; ppageno 0'>
   <div class='ocr_carea' id='block_1_1' title="bbox 1149 261 1253 322">
    <p class='ocr_par' dir='ltr' id='par_1_1' title="bbox 1149 261 1253 322">
     <span class='ocr_line' id='line_1_1' title="bbox 1149 261 1253 322; baseline 0.01 -2"><span class='ocrx_word' id='word_1_1' title='bbox 1149 261 1253 322; x_wconf 77' lang='lat' dir='ltr'>OOOXI</span> 
     </span>
    </p>
   </div>
   <div class='ocr_carea' id='block_1_2' title="bbox 87 417 1254 1170">
    <p class='ocr_par' dir='ltr' id='par_1_2' title="bbox 87 417 1254 1170">
     <span class='ocr_line' id='line_1_2' title="bbox 92 417 1254 490; baseline -0.002 -16"><span class='ocrx_word' id='word_1_2' title='bbox 92 423 207 474; x_wconf 83' lang='grc' dir='ltr'><strong>ιίοαιίνιυε</strong></span> <span class='ocrx_word' id='word_1_3' title='bbox 219 421 341 484; x_wconf 80' lang='lat' dir='ltr'><strong>tradidit,</strong></span> <span class='ocrx_word' id='word_1_4' title='bbox 353 419 400 473; x_wconf 76' lang='lat' dir='ltr'><strong>dac</strong></span> <span class='ocrx_word' id='word_1_5' title='bbox 412 429 449 474; x_wconf 87' lang='lat' dir='ltr'><strong>eet</strong></span> <span class='ocrx_word' id='word_1_6' title='bbox 456 423 536 490; x_wconf 78' lang='lat' dir='ltr'><strong>panis</strong></span> <span class='ocrx_word' id='word_1_7' title='bbox 546 429 571 473; x_wconf 85' lang='lat' dir='ltr'><strong>et</strong></span> <span class='ocrx_word' id='word_1_8' title='bbox 580 424 665 472; x_wconf 83' lang='grc' dir='ltr'><strong>οιίιυιει</strong></span> <span class='ocrx_word' id='word_1_9' title='bbox 676 437 744 490; x_wconf 77' lang='lat' dir='ltr'><strong>apua</strong></span> <span class='ocrx_word' id='word_1_10' title='bbox 755 421 866 474; x_wconf 76' lang='grc' dir='ltr'><strong>ιιιίαίυιιι.</strong></span> <span class='ocrx_word' id='word_1_11' title='bbox 893 417 1003 474; x_wconf 82' lang='lat' dir='ltr'><strong>Proinde</strong></span> <span class='ocrx_word' id='word_1_12' title='bbox 1018 417 1084 474; x_wconf 82' lang='lat' dir='ltr'><strong>nihil</strong></span> <span class='ocrx_word' id='word_1_13' title='bbox 1100 419 1196 474; x_wconf 79' lang='lat' dir='ltr'><strong>cern&#39;ue</strong></span> <span class='ocrx_word' id='word_1_14' title='bbox 1213 424 1254 472; x_wconf 89' lang='lat' dir='ltr'><strong>est</strong></span> 
     </span>
     <span class='ocr_line' id='line_1_3' title="bbox 91 503 1254 576; baseline -0.002 -16"><span class='ocrx_word' id='word_1_15' title='bbox 91 522 171 576; x_wconf 85' lang='lat' dir='ltr'><strong>quarn</strong></span> <span class='ocrx_word' id='word_1_16' title='bbox 182 507 212 558; x_wconf 93' lang='lat' dir='ltr'><strong>iu</strong></span> <span class='ocrx_word' id='word_1_17' title='bbox 223 505 369 559; x_wconf 85' lang='lat' dir='ltr'><strong>Laodicena</strong></span> <span class='ocrx_word' id='word_1_18' title='bbox 382 521 481 560; x_wconf 86' lang='lat' dir='ltr'><strong>canone</strong></span> <span class='ocrx_word' id='word_1_19' title='bbox 492 503 622 576; x_wconf 70' lang='lat' dir='ltr'>prohiberi</span> <span class='ocrx_word' id='word_1_20' title='bbox 638 521 672 558; x_wconf 92' lang='lat' dir='ltr'><strong>ue</strong></span> <span class='ocrx_word' id='word_1_21' title='bbox 683 521 730 576; x_wconf 90' lang='lat' dir='ltr'><strong>per</strong></span> <span class='ocrx_word' id='word_1_22' title='bbox 746 505 867 558; x_wconf 83' lang='lat' dir='ltr'><strong>solennes</strong></span> <span class='ocrx_word' id='word_1_23' title='bbox 884 505 975 560; x_wconf 87' lang='lat' dir='ltr'><strong>ieiunii</strong></span> <span class='ocrx_word' id='word_1_24' title='bbox 992 505 1046 558; x_wconf 88' lang='lat' dir='ltr'><strong>dies</strong></span> <span class='ocrx_word' id='word_1_25' title='bbox 1064 505 1209 560; x_wconf 88' lang='lat' dir='ltr'><strong>oblationes</strong></span> <span class='ocrx_word' id='word_1_26' title='bbox 1226 510 1254 558; x_wconf 89' lang='lat' dir='ltr'><strong>ot</strong></span> 
     </span>
     <span class='ocr_line' id='line_1_4' title="bbox 89 589 1252 661; baseline 0 -17"><span class='ocrx_word' id='word_1_27' title='bbox 89 589 221 644; x_wconf 83' lang='lat' dir='ltr'><strong>sacrificia</strong></span> <span class='ocrx_word' id='word_1_28' title='bbox 230 591 399 646; x_wconf 83' lang='lat' dir='ltr'><strong>celebrentur.</strong></span> <span class='ocrx_word' id='word_1_29' title='bbox 425 590 531 660; x_wconf 76' lang='lat' dir='ltr'><strong>Excipit</strong></span> <span class='ocrx_word' id='word_1_30' title='bbox 540 589 680 644; x_wconf 86' lang='lat' dir='ltr'><strong>sabbatum</strong></span> <span class='ocrx_word' id='word_1_31' title='bbox 690 605 721 643; x_wconf 87' lang='lat' dir='ltr'><strong>ac</strong></span> <span class='ocrx_word' id='word_1_32' title='bbox 732 589 901 656; x_wconf 84' lang='lat' dir='ltr'><strong>dominicam,</strong></span> <span class='ocrx_word' id='word_1_33' title='bbox 919 591 1015 661; x_wconf 87' lang='lat' dir='ltr'><strong>quibus</strong></span> <span class='ocrx_word' id='word_1_34' title='bbox 1031 591 1059 644; x_wconf 93' lang='lat' dir='ltr'><strong>iu</strong></span> <span class='ocrx_word' id='word_1_35' title='bbox 1071 590 1174 644; x_wconf 75' lang='lat' dir='ltr'>Oriente</span> <span class='ocrx_word' id='word_1_36' title='bbox 1189 591 1252 644; x_wconf 87' lang='lat' dir='ltr'><strong>ieiu-</strong></span> 
     </span>
     <span class='ocr_line' id='line_1_5' title="bbox 88 674 1253 748; baseline 0 -18"><span class='ocrx_word' id='word_1_37' title='bbox 88 691 152 730; x_wconf 86' lang='lat' dir='ltr'><strong>nare</strong></span> <span class='ocrx_word' id='word_1_38' title='bbox 169 675 246 729; x_wconf 82' lang='lat' dir='ltr'><strong>nefas</strong></span> <span class='ocrx_word' id='word_1_39' title='bbox 264 677 463 730; x_wconf 83' lang='lat' dir='ltr'><strong>arbitrabantur.</strong></span> <span class='ocrx_word' id='word_1_40' title='bbox 496 674 570 740; x_wconf 75' lang='lat' dir='ltr'><strong>ocor</strong></span> <span class='ocrx_word' id='word_1_41' title='bbox 587 691 620 728; x_wconf 84' lang='lat' dir='ltr'><strong>ex</strong></span> <span class='ocrx_word' id='word_1_42' title='bbox 637 675 762 730; x_wconf 82' lang='lat' dir='ltr'><strong>Trullana</strong></span> <span class='ocrx_word' id='word_1_43' title='bbox 777 676 878 745; x_wconf 75' lang='lat' dir='ltr'><strong>syuodo</strong></span> <span class='ocrx_word' id='word_1_44' title='bbox 895 677 1060 748; x_wconf 86' lang='lat' dir='ltr'><strong>comprobari</strong></span> <span class='ocrx_word' id='word_1_45' title='bbox 1074 681 1169 747; x_wconf 89' lang='lat' dir='ltr'><strong>potest,</strong></span> <span class='ocrx_word' id='word_1_46' title='bbox 1185 691 1253 747; x_wconf 83' lang='lat' dir='ltr'><strong>quae</strong></span> 
     </span>
     <span class='ocr_line' id='line_1_6' title="bbox 89 757 1252 833; baseline -0.001 -17"><span class='ocrx_word' id='word_1_47' title='bbox 89 761 152 816; x_wconf 81' lang='lat' dir='ltr'><strong>Gan.</strong></span> <span class='ocrx_word' id='word_1_48' title='bbox 162 779 211 818; x_wconf 81' lang='lat' dir='ltr'><strong>ur.</strong></span> <span class='ocrx_word' id='word_1_49' title='bbox 221 763 261 815; x_wconf 83' lang='lat' dir='ltr'><strong>ita</strong></span> <span class='ocrx_word' id='word_1_50' title='bbox 272 762 372 815; x_wconf 83' lang='lat' dir='ltr'><strong>sanxits</strong></span> <span class='ocrx_word' id='word_1_51' title='bbox 397 759 439 814; x_wconf 85' lang='grc' dir='ltr'><strong>Ἐν</strong></span> <span class='ocrx_word' id='word_1_52' title='bbox 451 758 539 821; x_wconf 81' lang='grc' dir='ltr'><strong>σιίσαις</strong></span> <span class='ocrx_word' id='word_1_53' title='bbox 550 762 604 821; x_wconf 74' lang='grc' dir='ltr'><strong>ταῖς</strong></span> <span class='ocrx_word' id='word_1_54' title='bbox 615 763 656 826; x_wconf 68' lang='grc' dir='ltr'><strong>τῆς</strong></span> <span class='ocrx_word' id='word_1_55' title='bbox 668 757 738 830; x_wconf 79' lang='grc' dir='ltr'><strong>ἁγίας</strong></span> <span class='ocrx_word' id='word_1_56' title='bbox 750 764 944 830; x_wconf 74' lang='grc' dir='ltr'><strong>τεσσαρακοστῆς</strong></span> <span class='ocrx_word' id='word_1_57' title='bbox 955 764 1005 814; x_wconf 82' lang='grc' dir='ltr'><strong>τῶν</strong></span> <span class='ocrx_word' id='word_1_58' title='bbox 1016 763 1133 828; x_wconf 79' lang='grc' dir='ltr'><strong>νηστειῶν</strong></span> <span class='ocrx_word' id='word_1_59' title='bbox 1144 760 1252 833; x_wconf 69' lang='grc' dir='ltr'><strong>ίιριίραις,</strong></span> 
     </span>
     <span class='ocr_line' id='line_1_7' title="bbox 89 843 1254 918; baseline 0.001 -20"><span class='ocrx_word' id='word_1_60' title='bbox 89 845 212 917; x_wconf 61' lang='lat' dir='ltr'><strong>saporis</strong></span> <span class='ocrx_word' id='word_1_61' title='bbox 221 843 347 916; x_wconf 77' lang='grc' dir='ltr'><strong>σαββίτου</strong></span> <span class='ocrx_word' id='word_1_62' title='bbox 358 845 399 898; x_wconf 82' lang='lat' dir='ltr'><strong>aui</strong></span> <span class='ocrx_word' id='word_1_63' title='bbox 410 849 523 916; x_wconf 78' lang='grc' dir='ltr'><strong>αυριαιιῆς</strong></span> <span class='ocrx_word' id='word_1_64' title='bbox 535 845 626 912; x_wconf 73' lang='grc' dir='ltr'><strong>καὶτῆς</strong></span> <span class='ocrx_word' id='word_1_65' title='bbox 637 843 707 915; x_wconf 88' lang='grc' dir='ltr'><strong>οἰγίας</strong></span> <span class='ocrx_word' id='word_1_66' title='bbox 716 849 760 898; x_wconf 79' lang='grc' dir='ltr'><strong>τοῦ</strong></span> <span class='ocrx_word' id='word_1_67' title='bbox 772 845 952 917; x_wconf 78' lang='grc' dir='ltr'><strong>εὐαγγιλισροῦ</strong></span> <span class='ocrx_word' id='word_1_68' title='bbox 960 845 1051 918; x_wconf 74' lang='grc' dir='ltr'><strong>ηρίρας</strong></span> <span class='ocrx_word' id='word_1_69' title='bbox 1060 847 1164 917; x_wconf 85' lang='grc' dir='ltr'><strong>γινίσδιιν</strong></span> <span class='ocrx_word' id='word_1_70' title='bbox 1175 845 1191 914; x_wconf 75' lang='grc' dir='ltr'>ἡ</span> <span class='ocrx_word' id='word_1_71' title='bbox 1202 850 1254 900; x_wconf 84' lang='grc' dir='ltr'><strong>τῶν</strong></span> 
     </span>
     <span class='ocr_line' id='line_1_8' title="bbox 89 928 1253 1003; baseline 0.002 -19"><span class='ocrx_word' id='word_1_72' title='bbox 89 931 295 1003; x_wconf 73' lang='grc' dir='ltr'><strong>τροηγιασρίνων</strong></span> <span class='ocrx_word' id='word_1_73' title='bbox 306 928 358 1002; x_wconf 72' lang='lat' dir='ltr'><strong>lapi</strong></span> <span class='ocrx_word' id='word_1_74' title='bbox 369 930 514 1003; x_wconf 70' lang='grc' dir='ltr'><strong>λειτουργία.</strong></span> <span class='ocrx_word' id='word_1_75' title='bbox 532 931 565 984; x_wconf 83' lang='lat' dir='ltr'><strong>In</strong></span> <span class='ocrx_word' id='word_1_76' title='bbox 576 932 687 984; x_wconf 76' lang='grc' dir='ltr'><strong>οινιοίθιιο</strong></span> <span class='ocrx_word' id='word_1_77' title='bbox 698 933 930 1000; x_wconf 75' lang='lat' dir='ltr'><strong>quadropeoimalta</strong></span> <span class='ocrx_word' id='word_1_78' title='bbox 940 936 1030 985; x_wconf 79' lang='grc' dir='ltr'><strong>ι’σίυιιίί</strong></span> <span class='ocrx_word' id='word_1_79' title='bbox 1041 933 1139 998; x_wconf 79' lang='lat' dir='ltr'><strong>diebus,</strong></span> <span class='ocrx_word' id='word_1_80' title='bbox 1151 943 1253 1003; x_wconf 74' lang='lat' dir='ltr'><strong>eccepto</strong></span> 
     </span>
     <span class='ocr_line' id='line_1_9' title="bbox 88 1017 1252 1082; baseline -0.001 -11"><span class='ocrx_word' id='word_1_81' title='bbox 88 1019 198 1071; x_wconf 77' lang='lat' dir='ltr'><strong>mdbuto</strong></span> <span class='ocrx_word' id='word_1_82' title='bbox 216 1033 249 1070; x_wconf 89' lang='lat' dir='ltr'><strong>ac</strong></span> <span class='ocrx_word' id='word_1_83' title='bbox 267 1019 394 1070; x_wconf 82' lang='grc' dir='ltr'><strong>ιίονειίιιίσο</strong></span> <span class='ocrx_word' id='word_1_84' title='bbox 411 1025 435 1069; x_wconf 85' lang='lat' dir='ltr'><strong>et</strong></span> <span class='ocrx_word' id='word_1_85' title='bbox 450 1033 526 1069; x_wconf 82' lang='lat' dir='ltr'><strong>aocro</strong></span> <span class='ocrx_word' id='word_1_86' title='bbox 544 1019 751 1070; x_wconf 81' lang='lat' dir='ltr'><strong>arruanciatiom&#39;a</strong></span> <span class='ocrx_word' id='word_1_87' title='bbox 767 1019 821 1082; x_wconf 80' lang='lat' dir='ltr'><strong>die,</strong></span> <span class='ocrx_word' id='word_1_88' title='bbox 839 1017 978 1070; x_wconf 76' lang='lat' dir='ltr'><strong>celebretur·</strong></span> <span class='ocrx_word' id='word_1_89' title='bbox 987 1027 1102 1071; x_wconf 78' lang='grc' dir='ltr'><strong>εανιείυνο</strong></span> <span class='ocrx_word' id='word_1_90' title='bbox 1119 1028 1178 1072; x_wconf 82' lang='lat' dir='ltr'><strong>onte</strong></span> <span class='ocrx_word' id='word_1_91' title='bbox 1194 1035 1252 1072; x_wconf 82' lang='lat' dir='ltr'><strong>coa·</strong></span> 
     </span>
     <span class='ocr_line' id='line_1_10' title="bbox 87 1097 1252 1170; baseline 0.001 -15"><span class='ocrx_word' id='word_1_92' title='bbox 87 1113 248 1156; x_wconf 76' lang='grc' dir='ltr'><strong>οσσνσιονυια</strong></span> <span class='ocrx_word' id='word_1_93' title='bbox 256 1097 419 1164; x_wconf 50' lang='lat' dir='ltr'><strong>mentetua.</strong></span> <span class='ocrx_word' id='word_1_94' title='bbox 443 1100 526 1165; x_wconf 84' lang='lat' dir='ltr'><strong>Quem</strong></span> <span class='ocrx_word' id='word_1_95' title='bbox 536 1101 570 1155; x_wconf 86' lang='lat' dir='ltr'><strong>ad</strong></span> <span class='ocrx_word' id='word_1_96' title='bbox 579 1117 704 1156; x_wconf 74' lang='lat' dir='ltr'><strong>cmouenr</strong></span> <span class='ocrx_word' id='word_1_97' title='bbox 713 1101 827 1156; x_wconf 82' lang='lat' dir='ltr'><strong>Zonaras</strong></span> <span class='ocrx_word' id='word_1_98' title='bbox 836 1100 900 1156; x_wconf 81' lang='lat' dir='ltr'><strong>boec</strong></span> <span class='ocrx_word' id='word_1_99' title='bbox 908 1103 1028 1156; x_wconf 82' lang='lat' dir='ltr'><strong>adnotat:</strong></span> <span class='ocrx_word' id='word_1_100' title='bbox 1040 1101 1108 1154; x_wconf 86' lang='grc' dir='ltr'><strong>αί</strong></span> <span class='ocrx_word' id='word_1_101' title='bbox 1075 1121 1125 1156; x_wconf 83' lang='grc' dir='ltr'><strong>των</strong></span> <span class='ocrx_word' id='word_1_102' title='bbox 1136 1107 1252 1170; x_wconf 74' lang='grc' dir='ltr'><strong>νηστειῶν</strong></span> 
     </span>
    </p>
   </div>
   <div class='ocr_carea' id='block_1_3' title="bbox 87 1183 1252 1374">
    <p class='ocr_par' dir='ltr' id='par_1_3' title="bbox 87 1183 1251 1344">
     <span class='ocr_line' id='line_1_11' title="bbox 87 1183 1251 1286; baseline 0.001 -46"><span class='ocrx_word' id='word_1_103' title='bbox 87 1186 178 1286; x_wconf 76' lang='grc' dir='ltr'><strong>ἦρίραι</strong></span> <span class='ocrx_word' id='word_1_104' title='bbox 189 1186 290 1248; x_wconf 65' lang='grc' dir='ltr'><strong>πένθους</strong></span> <span class='ocrx_word' id='word_1_105' title='bbox 302 1183 361 1239; x_wconf 86' lang='grc' dir='ltr'><strong>ιίναι</strong></span> <span class='ocrx_word' id='word_1_106' title='bbox 371 1185 518 1258; x_wconf 77' lang='grc' dir='ltr'><strong>ίτθχθησαν,</strong></span> <span class='ocrx_word' id='word_1_107' title='bbox 530 1185 571 1238; x_wconf 82' lang='lat' dir='ltr'><strong>aui</strong></span> <span class='ocrx_word' id='word_1_108' title='bbox 582 1186 733 1248; x_wconf 77' lang='grc' dir='ltr'><strong>αατανιίξιως</strong></span> <span class='ocrx_word' id='word_1_109' title='bbox 745 1183 777 1248; x_wconf 87' lang='grc' dir='ltr'><strong>είς</strong></span> <span class='ocrx_word' id='word_1_110' title='bbox 789 1185 949 1257; x_wconf 75' lang='grc' dir='ltr'><strong>ίξῡιασρα</strong></span> <span class='ocrx_word' id='word_1_111' title='bbox 916 1205 965 1240; x_wconf 83' lang='grc' dir='ltr'><strong>των</strong></span> <span class='ocrx_word' id='word_1_112' title='bbox 975 1186 1078 1240; x_wconf 83' lang='grc' dir='ltr'><strong>ίαίιστου</strong></span> <span class='ocrx_word' id='word_1_113' title='bbox 1089 1187 1251 1259; x_wconf 67' lang='grc' dir='ltr'><strong>σφαλμάτων·</strong></span> 
     </span>
     <span class='ocr_line' id='line_1_12' title="bbox 89 1249 1252 1374; baseline 0.003 -50"><span class='ocrx_word' id='word_1_114' title='bbox 89 1272 118 1324; x_wconf 80' lang='lat' dir='ltr'><strong>rb</strong></span> <span class='ocrx_word' id='word_1_115' title='bbox 130 1271 159 1326; x_wconf 78' lang='grc' dir='ltr'><strong>δί</strong></span> <span class='ocrx_word' id='word_1_116' title='bbox 171 1276 209 1342; x_wconf 79' lang='grc' dir='ltr'><strong>τῷ</strong></span> <span class='ocrx_word' id='word_1_117' title='bbox 221 1271 270 1342; x_wconf 77' lang='grc' dir='ltr'><strong>θεῷ</strong></span> <span class='ocrx_word' id='word_1_118' title='bbox 282 1270 408 1342; x_wconf 72' lang='grc' dir='ltr'><strong>τροςθγιιν</strong></span> <span class='ocrx_word' id='word_1_119' title='bbox 421 1271 504 1332; x_wconf 85' lang='grc' dir='ltr'><strong>θυσίας</strong></span> <span class='ocrx_word' id='word_1_120' title='bbox 515 1271 683 1374; x_wconf 75' lang='grc' dir='ltr'><strong>πανηγυρίζειν</strong></span> <span class='ocrx_word' id='word_1_121' title='bbox 695 1270 746 1324; x_wconf 79' lang='lat' dir='ltr'><strong>lari</strong></span> <span class='ocrx_word' id='word_1_122' title='bbox 735 1271 805 1326; x_wconf 81' lang='lat' dir='ltr'><strong>l.eto</strong></span> <span class='ocrx_word' id='word_1_123' title='bbox 824 1271 869 1324; x_wconf 76' lang='grc' dir='ltr'><strong>Διὰ</strong></span> <span class='ocrx_word' id='word_1_124' title='bbox 877 1249 951 1325; x_wconf 83' lang='grc' dir='ltr'><strong>τοῦτο</strong></span> <span class='ocrx_word' id='word_1_125' title='bbox 960 1271 984 1326; x_wconf 90' lang='grc' dir='ltr'><strong>ίν</strong></span> <span class='ocrx_word' id='word_1_126' title='bbox 994 1273 1037 1344; x_wconf 72' lang='lat' dir='ltr'><strong>pir</strong></span> <span class='ocrx_word' id='word_1_127' title='bbox 1049 1270 1135 1336; x_wconf 76' lang='grc' dir='ltr'><strong>ἄλλαις</strong></span> <span class='ocrx_word' id='word_1_128' title='bbox 1147 1279 1188 1342; x_wconf 72' lang='grc' dir='ltr'><strong>τῆς</strong></span> <span class='ocrx_word' id='word_1_129' title='bbox 1198 1291 1252 1327; x_wconf 82' lang='grc' dir='ltr'><strong>τεσ-</strong></span> 
     </span>
    </p>
   </div>
   <div class='ocr_carea' id='block_1_4' title="bbox 85 1355 1351 4072">
    <p class='ocr_par' dir='ltr' id='par_1_4' title="bbox 85 1355 1351 4072">
     <span class='ocr_line' id='line_1_13' title="bbox 88 1355 1252 1460; baseline 0.004 -53"><span class='ocrx_word' id='word_1_130' title='bbox 88 1361 246 1460; x_wconf 76' lang='grc' dir='ltr'><strong>σαραιιρσιῆς</strong></span> <span class='ocrx_word' id='word_1_131' title='bbox 257 1355 356 1426; x_wconf 68' lang='grc' dir='ltr'><strong>ἡμίραις</strong></span> <span class='ocrx_word' id='word_1_132' title='bbox 373 1355 388 1422; x_wconf 77' lang='grc' dir='ltr'>ἡ</span> <span class='ocrx_word' id='word_1_133' title='bbox 404 1359 453 1408; x_wconf 83' lang='grc' dir='ltr'><strong>τῶν</strong></span> <span class='ocrx_word' id='word_1_134' title='bbox 465 1356 666 1427; x_wconf 82' lang='grc' dir='ltr'><strong>τροηγιαορίνιυν</strong></span> <span class='ocrx_word' id='word_1_135' title='bbox 678 1357 768 1428; x_wconf 89' lang='grc' dir='ltr'><strong>γίνεται</strong></span> <span class='ocrx_word' id='word_1_136' title='bbox 779 1357 900 1410; x_wconf 83' lang='grc' dir='ltr'><strong>λειτου’</strong></span> <span class='ocrx_word' id='word_1_137' title='bbox 860 1375 929 1428; x_wconf 89' lang='grc' dir='ltr'><strong>ργια,</strong></span> <span class='ocrx_word' id='word_1_138' title='bbox 947 1357 976 1410; x_wconf 81' lang='lat' dir='ltr'><strong>ci</strong></span> <span class='ocrx_word' id='word_1_139' title='bbox 994 1359 1050 1412; x_wconf 80' lang='grc' dir='ltr'><strong>τότε</strong></span> <span class='ocrx_word' id='word_1_140' title='bbox 1067 1359 1193 1430; x_wconf 79' lang='grc' dir='ltr'><strong>γινορίνης</strong></span> <span class='ocrx_word' id='word_1_141' title='bbox 1210 1365 1252 1427; x_wconf 79' lang='grc' dir='ltr'><strong>τῆς</strong></span> 
     </span>
     <span class='ocr_line' id='line_1_14' title="bbox 88 1437 1250 1544; baseline 0.005 -52"><span class='ocrx_word' id='word_1_142' title='bbox 88 1438 242 1512; x_wconf 75' lang='grc' dir='ltr'><strong>ἇναιγεᾶοιτον</strong></span> <span class='ocrx_word' id='word_1_143' title='bbox 253 1439 347 1509; x_wconf 88' lang='grc' dir='ltr'><strong>θυσίας,</strong></span> <span class='ocrx_word' id='word_1_144' title='bbox 365 1437 430 1494; x_wconf 74' lang='grc' dir='ltr'>ἀλλὰ</span> <span class='ocrx_word' id='word_1_145' title='bbox 446 1445 488 1508; x_wconf 78' lang='grc' dir='ltr'><strong>τῆς</strong></span> <span class='ocrx_word' id='word_1_146' title='bbox 505 1441 552 1509; x_wconf 76' lang='grc' dir='ltr'><strong>ἤδη</strong></span> <span class='ocrx_word' id='word_1_147' title='bbox 570 1441 745 1544; x_wconf 79' lang='grc' dir='ltr'><strong>ιερρςαχθείσης</strong></span> <span class='ocrx_word' id='word_1_148' title='bbox 763 1442 803 1494; x_wconf 78' lang='lat' dir='ltr'><strong>aul</strong></span> <span class='ocrx_word' id='word_1_149' title='bbox 820 1442 970 1508; x_wconf 76' lang='grc' dir='ltr'><strong>ττλισθιίσης</strong></span> <span class='ocrx_word' id='word_1_150' title='bbox 982 1439 1049 1505; x_wconf 76' lang='grc' dir='ltr'><strong>αὖθις</strong></span> <span class='ocrx_word' id='word_1_151' title='bbox 1061 1444 1250 1515; x_wconf 76' lang='grc' dir='ltr'><strong>προςαγομίνης.</strong></span> 
     </span>
     <span class='ocr_line' id='line_1_15' title="bbox 88 1523 1252 1600; baseline 0.003 -22"><span class='ocrx_word' id='word_1_152' title='bbox 88 1525 159 1578; x_wconf 69' lang='lat' dir='ltr'><strong>ilar&amp;</strong></span> <span class='ocrx_word' id='word_1_153' title='bbox 176 1525 205 1578; x_wconf 83' lang='grc' dir='ltr'><strong>δδ</strong></span> <span class='ocrx_word' id='word_1_154' title='bbox 221 1524 252 1577; x_wconf 73' lang='grc' dir='ltr'><strong>τὰ</strong></span> <span class='ocrx_word' id='word_1_155' title='bbox 269 1524 380 1595; x_wconf 74' lang='grc' dir='ltr'><strong>σάββατα</strong></span> <span class='ocrx_word' id='word_1_156' title='bbox 397 1525 437 1578; x_wconf 82' lang='lat' dir='ltr'><strong>acl</strong></span> <span class='ocrx_word' id='word_1_157' title='bbox 455 1523 497 1587; x_wconf 75' lang='grc' dir='ltr'><strong>τὰς</strong></span> <span class='ocrx_word' id='word_1_158' title='bbox 515 1526 641 1597; x_wconf 67' lang='lat' dir='ltr'><strong>roprande,</strong></span> <span class='ocrx_word' id='word_1_159' title='bbox 659 1525 709 1580; x_wconf 83' lang='grc' dir='ltr'><strong>εἰτεί</strong></span> <span class='ocrx_word' id='word_1_160' title='bbox 726 1525 750 1578; x_wconf 87' lang='grc' dir='ltr'><strong>ίν</strong></span> <span class='ocrx_word' id='word_1_161' title='bbox 768 1527 866 1588; x_wconf 81' lang='grc' dir='ltr'><strong>ταιίταις</strong></span> <span class='ocrx_word' id='word_1_162' title='bbox 883 1529 1002 1593; x_wconf 84' lang='grc' dir='ltr'><strong>νηστείιιν</strong></span> <span class='ocrx_word' id='word_1_163' title='bbox 1020 1526 1196 1600; x_wconf 79' lang='grc' dir='ltr'><strong>ἀπηγόρευται,</strong></span> <span class='ocrx_word' id='word_1_164' title='bbox 1215 1529 1252 1582; x_wconf 85' lang='grc' dir='ltr'><strong>ίν-</strong></span> 
     </span>
     <span class='ocr_line' id='line_1_16' title="bbox 88 1609 1251 1683; baseline 0.004 -19"><span class='ocrx_word' id='word_1_165' title='bbox 88 1612 189 1664; x_wconf 82' lang='grc' dir='ltr'><strong>δίδοται</strong></span> <span class='ocrx_word' id='word_1_166' title='bbox 200 1611 241 1663; x_wconf 74' lang='grc' dir='ltr'><strong>καί</strong></span> <span class='ocrx_word' id='word_1_167' title='bbox 252 1609 335 1663; x_wconf 79' lang='grc' dir='ltr'><strong>θυσίαν</strong></span> <span class='ocrx_word' id='word_1_168' title='bbox 347 1611 494 1682; x_wconf 79' lang='grc' dir='ltr'><strong>τροςρίρειν,</strong></span> <span class='ocrx_word' id='word_1_169' title='bbox 513 1612 553 1664; x_wconf 73' lang='grc' dir='ltr'><strong>καί</strong></span> <span class='ocrx_word' id='word_1_170' title='bbox 570 1611 661 1664; x_wconf 74' lang='grc' dir='ltr'><strong>τελείαν</strong></span> <span class='ocrx_word' id='word_1_171' title='bbox 679 1610 826 1682; x_wconf 74' lang='grc' dir='ltr'><strong>λειτουργίίν</strong></span> <span class='ocrx_word' id='word_1_172' title='bbox 843 1612 1001 1683; x_wconf 81' lang='grc' dir='ltr'><strong>λειτουργίαν.</strong></span> <span class='ocrx_word' id='word_1_173' title='bbox 1031 1613 1157 1677; x_wconf 82' lang='lat' dir='ltr'><strong>Quocirca</strong></span> <span class='ocrx_word' id='word_1_174' title='bbox 1173 1616 1251 1668; x_wconf 77' lang='lat' dir='ltr'><strong>escri-</strong></span> 
     </span>
     <span class='ocr_line' id='line_1_17' title="bbox 87 1697 1251 1770; baseline 0.003 -20"><span class='ocrx_word' id='word_1_175' title='bbox 87 1697 178 1750; x_wconf 88' lang='lat' dir='ltr'><strong>ticiuru</strong></span> <span class='ocrx_word' id='word_1_176' title='bbox 190 1712 355 1766; x_wconf 85' lang='lat' dir='ltr'><strong>nequaquam</strong></span> <span class='ocrx_word' id='word_1_177' title='bbox 366 1713 412 1767; x_wconf 89' lang='lat' dir='ltr'><strong>per</strong></span> <span class='ocrx_word' id='word_1_178' title='bbox 423 1697 513 1750; x_wconf 89' lang='lat' dir='ltr'><strong>ieiunii</strong></span> <span class='ocrx_word' id='word_1_179' title='bbox 524 1697 579 1750; x_wconf 88' lang='lat' dir='ltr'><strong>diee</strong></span> <span class='ocrx_word' id='word_1_180' title='bbox 591 1697 706 1752; x_wconf 81' lang='lat' dir='ltr'><strong>oblatum</strong></span> <span class='ocrx_word' id='word_1_181' title='bbox 718 1698 828 1762; x_wconf 73' lang='lat' dir='ltr'><strong>estred</strong></span> <span class='ocrx_word' id='word_1_182' title='bbox 845 1713 878 1752; x_wconf 91' lang='lat' dir='ltr'><strong>ee</strong></span> <span class='ocrx_word' id='word_1_183' title='bbox 892 1699 1098 1752; x_wconf 63' lang='lat' dir='ltr'><strong>retractabantur</strong></span> <span class='ocrx_word' id='word_1_184' title='bbox 1115 1715 1182 1770; x_wconf 88' lang='lat' dir='ltr'><strong>quae</strong></span> <span class='ocrx_word' id='word_1_185' title='bbox 1197 1701 1251 1754; x_wconf 84' lang='lat' dir='ltr'><strong>ieru</strong></span> 
     </span>
     <span class='ocr_line' id='line_1_18' title="bbox 87 1781 1251 1854; baseline 0.002 -18"><span class='ocrx_word' id='word_1_186' title='bbox 87 1789 149 1836; x_wconf 89' lang='lat' dir='ltr'><strong>aute</strong></span> <span class='ocrx_word' id='word_1_187' title='bbox 165 1787 318 1836; x_wconf 73' lang='lat' dir='ltr'><strong>consents</strong></span> <span class='ocrx_word' id='word_1_188' title='bbox 332 1781 444 1847; x_wconf 67' lang='lat' dir='ltr'><strong>fueraut,</strong></span> <span class='ocrx_word' id='word_1_189' title='bbox 460 1783 500 1835; x_wconf 92' lang='lat' dir='ltr'><strong>uti</strong></span> <span class='ocrx_word' id='word_1_190' title='bbox 516 1798 590 1836; x_wconf 85' lang='lat' dir='ltr'><strong>sacro</strong></span> <span class='ocrx_word' id='word_1_191' title='bbox 607 1797 760 1853; x_wconf 82' lang='lat' dir='ltr'><strong>parasceves</strong></span> <span class='ocrx_word' id='word_1_192' title='bbox 776 1797 890 1852; x_wconf 80' lang='lat' dir='ltr'><strong>magnae</strong></span> <span class='ocrx_word' id='word_1_193' title='bbox 907 1783 948 1837; x_wconf 84' lang='lat' dir='ltr'><strong>die</strong></span> <span class='ocrx_word' id='word_1_194' title='bbox 965 1784 1034 1854; x_wconf 86' lang='lat' dir='ltr'><strong>apud</strong></span> <span class='ocrx_word' id='word_1_195' title='bbox 1051 1801 1100 1838; x_wconf 88' lang='lat' dir='ltr'><strong>noe</strong></span> <span class='ocrx_word' id='word_1_196' title='bbox 1116 1784 1173 1840; x_wconf 83' lang='lat' dir='ltr'><strong>fieri</strong></span> <span class='ocrx_word' id='word_1_197' title='bbox 1189 1801 1251 1839; x_wconf 82' lang='lat' dir='ltr'><strong>cou-</strong></span> 
     </span>
     <span class='ocr_line' id='line_1_19' title="bbox 87 1866 1251 1938; baseline 0.003 -17"><span class='ocrx_word' id='word_1_198' title='bbox 87 1867 184 1922; x_wconf 64' lang='grc' dir='ltr'><strong>νοσσία</strong></span> <span class='ocrx_word' id='word_1_199' title='bbox 213 1866 312 1920; x_wconf 75' lang='lat' dir='ltr'><strong>Extant</strong></span> <span class='ocrx_word' id='word_1_200' title='bbox 327 1867 388 1921; x_wconf 87' lang='lat' dir='ltr'><strong>illae</strong></span> <span class='ocrx_word' id='word_1_201' title='bbox 405 1869 454 1918; x_wconf 89' lang='grc' dir='ltr'><strong>τῶν</strong></span> <span class='ocrx_word' id='word_1_202' title='bbox 466 1866 669 1938; x_wconf 80' lang='grc' dir='ltr'><strong>προηγιασμίνων</strong></span> <span class='ocrx_word' id='word_1_203' title='bbox 681 1867 827 1938; x_wconf 77' lang='grc' dir='ltr'><strong>λειτουργίαι</strong></span> <span class='ocrx_word' id='word_1_204' title='bbox 837 1875 900 1924; x_wconf 84' lang='grc' dir='ltr'><strong>ίοιιι.</strong></span> <span class='ocrx_word' id='word_1_205' title='bbox 910 1887 944 1923; x_wconf 86' lang='lat' dir='ltr'><strong>vr.</strong></span> <span class='ocrx_word' id='word_1_206' title='bbox 957 1868 1080 1926; x_wconf 87' lang='lat' dir='ltr'><strong>Biblioth.</strong></span> <span class='ocrx_word' id='word_1_207' title='bbox 1093 1885 1154 1924; x_wconf 89' lang='lat' dir='ltr'><strong>cum</strong></span> <span class='ocrx_word' id='word_1_208' title='bbox 1166 1870 1251 1926; x_wconf 85' lang='lat' dir='ltr'><strong>Gene-</strong></span> 
     </span>
     <span class='ocr_line' id='line_1_20' title="bbox 86 1951 1251 2027; baseline 0.003 -21"><span class='ocrx_word' id='word_1_209' title='bbox 86 1952 177 2006; x_wconf 89' lang='lat' dir='ltr'><strong>brardi</strong></span> <span class='ocrx_word' id='word_1_210' title='bbox 188 1951 361 2022; x_wconf 82' lang='lat' dir='ltr'><strong>praelatione,</strong></span> <span class='ocrx_word' id='word_1_211' title='bbox 378 1953 405 2006; x_wconf 95' lang='lat' dir='ltr'><strong>iu</strong></span> <span class='ocrx_word' id='word_1_212' title='bbox 421 1967 473 2023; x_wconf 87' lang='lat' dir='ltr'><strong>qua</strong></span> <span class='ocrx_word' id='word_1_213' title='bbox 486 1952 645 2008; x_wconf 79' lang='grc' dir='ltr'><strong>ίίεεοοοειιιιι</strong></span> <span class='ocrx_word' id='word_1_214' title='bbox 659 1953 738 2008; x_wconf 84' lang='lat' dir='ltr'><strong>ritum</strong></span> <span class='ocrx_word' id='word_1_215' title='bbox 749 1954 822 2006; x_wconf 84' lang='lat' dir='ltr'><strong>illurn</strong></span> <span class='ocrx_word' id='word_1_216' title='bbox 834 1954 959 2008; x_wconf 81' lang='lat' dir='ltr'><strong>adversus</strong></span> <span class='ocrx_word' id='word_1_217' title='bbox 970 1953 1111 2009; x_wconf 84' lang='lat' dir='ltr'><strong>catholicos</strong></span> <span class='ocrx_word' id='word_1_218' title='bbox 1123 1957 1251 2027; x_wconf 88' lang='lat' dir='ltr'><strong>quosdam</strong></span> 
     </span>
     <span class='ocr_line' id='line_1_21' title="bbox 87 2038 1251 2110; baseline 0.002 -18"><span class='ocrx_word' id='word_1_219' title='bbox 87 2038 209 2092; x_wconf 86' lang='lat' dir='ltr'><strong>doctores</strong></span> <span class='ocrx_word' id='word_1_220' title='bbox 220 2043 379 2108; x_wconf 71' lang='lat' dir='ltr'><strong>propugnat,</strong></span> <span class='ocrx_word' id='word_1_221' title='bbox 396 2043 528 2108; x_wconf 72' lang='lat' dir='ltr'><strong>negatque</strong></span> <span class='ocrx_word' id='word_1_222' title='bbox 544 2043 681 2109; x_wconf 84' lang='lat' dir='ltr'><strong>propterea</strong></span> <span class='ocrx_word' id='word_1_223' title='bbox 691 2039 868 2094; x_wconf 85' lang='lat' dir='ltr'><strong>damnandum</strong></span> <span class='ocrx_word' id='word_1_224' title='bbox 885 2056 956 2105; x_wconf 88' lang='lat' dir='ltr'><strong>esre,</strong></span> <span class='ocrx_word' id='word_1_225' title='bbox 974 2040 1043 2110; x_wconf 88' lang='lat' dir='ltr'><strong>quod</strong></span> <span class='ocrx_word' id='word_1_226' title='bbox 1056 2041 1128 2094; x_wconf 83' lang='lat' dir='ltr'><strong>nulla</strong></span> <span class='ocrx_word' id='word_1_227' title='bbox 1138 2041 1165 2095; x_wconf 91' lang='lat' dir='ltr'><strong>in</strong></span> <span class='ocrx_word' id='word_1_228' title='bbox 1177 2042 1210 2094; x_wconf 88' lang='lat' dir='ltr'><strong>iie</strong></span> <span class='ocrx_word' id='word_1_229' title='bbox 1221 2043 1251 2094; x_wconf 88' lang='lat' dir='ltr'><strong>li·</strong></span> 
     </span>
     <span class='ocr_line' id='line_1_22' title="bbox 86 2123 1251 2198; baseline 0.003 -22"><span class='ocrx_word' id='word_1_230' title='bbox 86 2123 184 2194; x_wconf 76' lang='lat' dir='ltr'><strong>turgiis</strong></span> <span class='ocrx_word' id='word_1_231' title='bbox 195 2139 281 2194; x_wconf 87' lang='lat' dir='ltr'><strong>neque</strong></span> <span class='ocrx_word' id='word_1_232' title='bbox 291 2125 450 2177; x_wconf 69' lang='lat' dir='ltr'><strong>consonatio</strong></span> <span class='ocrx_word' id='word_1_233' title='bbox 462 2139 546 2194; x_wconf 91' lang='lat' dir='ltr'><strong>neque</strong></span> <span class='ocrx_word' id='word_1_234' title='bbox 558 2123 702 2178; x_wconf 74' lang='lat' dir='ltr'><strong>distributio</strong></span> <span class='ocrx_word' id='word_1_235' title='bbox 715 2141 746 2178; x_wconf 89' lang='grc' dir='ltr'><strong>ασ</strong></span> <span class='ocrx_word' id='word_1_236' title='bbox 763 2126 912 2179; x_wconf 87' lang='lat' dir='ltr'><strong>commuuio</strong></span> <span class='ocrx_word' id='word_1_237' title='bbox 929 2125 1110 2180; x_wconf 89' lang='lat' dir='ltr'><strong>contineretur.</strong></span> <span class='ocrx_word' id='word_1_238' title='bbox 1136 2127 1251 2198; x_wconf 79' lang='lat' dir='ltr'><strong>Apparet</strong></span> 
     </span>
     <span class='ocr_line' id='line_1_23' title="bbox 86 2205 1252 2280; baseline 0.001 -17"><span class='ocrx_word' id='word_1_239' title='bbox 86 2216 190 2274; x_wconf 86' lang='lat' dir='ltr'><strong>autern,</strong></span> <span class='ocrx_word' id='word_1_240' title='bbox 208 2207 427 2278; x_wconf 83' lang='lat' dir='ltr'><strong>quemadmodum</strong></span> <span class='ocrx_word' id='word_1_241' title='bbox 443 2209 471 2262; x_wconf 89' lang='lat' dir='ltr'><strong>in</strong></span> <span class='ocrx_word' id='word_1_242' title='bbox 488 2210 647 2278; x_wconf 81' lang='lat' dir='ltr'><strong>synaxibus,</strong></span> <span class='ocrx_word' id='word_1_243' title='bbox 666 2225 733 2280; x_wconf 83' lang='lat' dir='ltr'><strong>quae</strong></span> <span class='ocrx_word' id='word_1_244' title='bbox 750 2227 796 2280; x_wconf 92' lang='lat' dir='ltr'><strong>per</strong></span> <span class='ocrx_word' id='word_1_245' title='bbox 813 2211 871 2264; x_wconf 91' lang='lat' dir='ltr'><strong>illos</strong></span> <span class='ocrx_word' id='word_1_246' title='bbox 888 2211 943 2264; x_wconf 89' lang='lat' dir='ltr'><strong>dies</strong></span> <span class='ocrx_word' id='word_1_247' title='bbox 960 2210 1070 2275; x_wconf 82' lang='lat' dir='ltr'><strong>debant,</strong></span> <span class='ocrx_word' id='word_1_248' title='bbox 1090 2205 1191 2266; x_wconf 79' lang='lat' dir='ltr'><strong>nullutn</strong></span> <span class='ocrx_word' id='word_1_249' title='bbox 1211 2217 1252 2266; x_wconf 88' lang='lat' dir='ltr'><strong>eet</strong></span> 
     </span>
     <span class='ocr_line' id='line_1_24' title="bbox 86 2293 1252 2367; baseline 0.001 -18"><span class='ocrx_word' id='word_1_250' title='bbox 86 2296 207 2350; x_wconf 82' lang='lat' dir='ltr'><strong>oblatura</strong></span> <span class='ocrx_word' id='word_1_251' title='bbox 216 2293 385 2358; x_wconf 85' lang='lat' dir='ltr'><strong>sacrificium,</strong></span> <span class='ocrx_word' id='word_1_252' title='bbox 394 2295 539 2348; x_wconf 83' lang='lat' dir='ltr'><strong>itauullarn</strong></span> <span class='ocrx_word' id='word_1_253' title='bbox 547 2294 664 2350; x_wconf 83' lang='lat' dir='ltr'><strong>fidelium</strong></span> <span class='ocrx_word' id='word_1_254' title='bbox 672 2296 1017 2350; x_wconf 84' lang='lat' dir='ltr'><strong>commuuicuemextitisse.</strong></span> <span class='ocrx_word' id='word_1_255' title='bbox 1035 2295 1109 2360; x_wconf 83' lang='lat' dir='ltr'><strong>Quod</strong></span> <span class='ocrx_word' id='word_1_256' title='bbox 1118 2303 1252 2367; x_wconf 83' lang='lat' dir='ltr'><strong>praeterea</strong></span> 
     </span>
     <span class='ocr_line' id='line_1_25' title="bbox 86 2379 1250 2452; baseline 0 -16"><span class='ocrx_word' id='word_1_257' title='bbox 86 2381 140 2436; x_wconf 84' lang='lat' dir='ltr'><strong>alio</strong></span> <span class='ocrx_word' id='word_1_258' title='bbox 157 2396 193 2433; x_wconf 85' lang='lat' dir='ltr'><strong>ex</strong></span> <span class='ocrx_word' id='word_1_259' title='bbox 210 2385 366 2450; x_wconf 65' lang='lat' dir='ltr'><strong>agumento</strong></span> <span class='ocrx_word' id='word_1_260' title='bbox 383 2380 521 2450; x_wconf 80' lang='lat' dir='ltr'><strong>colligitur.</strong></span> <span class='ocrx_word' id='word_1_261' title='bbox 546 2379 649 2434; x_wconf 77' lang='lat' dir='ltr'><strong>Etenim</strong></span> <span class='ocrx_word' id='word_1_262' title='bbox 663 2397 748 2452; x_wconf 87' lang='lat' dir='ltr'><strong>neque</strong></span> <span class='ocrx_word' id='word_1_263' title='bbox 758 2382 904 2436; x_wconf 88' lang='lat' dir='ltr'><strong>ieiunantes</strong></span> <span class='ocrx_word' id='word_1_264' title='bbox 916 2382 1034 2436; x_wconf 87' lang='lat' dir='ltr'><strong>osculum</strong></span> <span class='ocrx_word' id='word_1_265' title='bbox 1045 2382 1115 2452; x_wconf 89' lang='lat' dir='ltr'><strong>pacis</strong></span> <span class='ocrx_word' id='word_1_266' title='bbox 1127 2382 1250 2436; x_wconf 75' lang='lat' dir='ltr'><strong>nauibus</strong></span> 
     </span>
     <span class='ocr_line' id='line_1_26' title="bbox 86 2465 1250 2538; baseline 0 -18"><span class='ocrx_word' id='word_1_267' title='bbox 86 2465 313 2536; x_wconf 83' lang='lat' dir='ltr'><strong>impartiebantur,</strong></span> <span class='ocrx_word' id='word_1_268' title='bbox 324 2481 408 2534; x_wconf 77' lang='lat' dir='ltr'><strong>usque</strong></span> <span class='ocrx_word' id='word_1_269' title='bbox 418 2465 602 2534; x_wconf 74' lang='lat' dir='ltr'><strong>mysteriorum</strong></span> <span class='ocrx_word' id='word_1_270' title='bbox 610 2467 750 2520; x_wconf 76' lang='lat' dir='ltr'><strong>celebratio</strong></span> <span class='ocrx_word' id='word_1_271' title='bbox 760 2481 790 2519; x_wconf 88' lang='lat' dir='ltr'><strong>ec</strong></span> <span class='ocrx_word' id='word_1_272' title='bbox 799 2467 962 2538; x_wconf 85' lang='lat' dir='ltr'><strong>participatio</strong></span> <span class='ocrx_word' id='word_1_273' title='bbox 971 2467 1027 2520; x_wconf 90' lang='lat' dir='ltr'><strong>sine</strong></span> <span class='ocrx_word' id='word_1_274' title='bbox 1036 2483 1100 2536; x_wconf 85' lang='lat' dir='ltr'><strong>pace</strong></span> <span class='ocrx_word' id='word_1_275' title='bbox 1110 2469 1250 2537; x_wconf 84' lang='lat' dir='ltr'><strong>osculoque</strong></span> 
     </span>
     <span class='ocr_line' id='line_1_27' title="bbox 85 2551 1250 2622; baseline 0.002 -18"><span class='ocrx_word' id='word_1_276' title='bbox 85 2552 270 2622; x_wconf 78' lang='lat' dir='ltr'><strong>peragebatur.</strong></span> <span class='ocrx_word' id='word_1_277' title='bbox 295 2551 394 2604; x_wconf 83' lang='lat' dir='ltr'><strong>Horum</strong></span> <span class='ocrx_word' id='word_1_278' title='bbox 410 2551 524 2621; x_wconf 86' lang='lat' dir='ltr'><strong>primurn</strong></span> <span class='ocrx_word' id='word_1_279' title='bbox 539 2551 715 2604; x_wconf 84' lang='lat' dir='ltr'><strong>Tertullianus</strong></span> <span class='ocrx_word' id='word_1_280' title='bbox 731 2552 777 2604; x_wconf 91' lang='lat' dir='ltr'><strong>lib.</strong></span> <span class='ocrx_word' id='word_1_281' title='bbox 795 2551 827 2604; x_wconf 90' lang='lat' dir='ltr'><strong>de</strong></span> <span class='ocrx_word' id='word_1_282' title='bbox 845 2551 915 2606; x_wconf 85' lang='lat' dir='ltr'><strong>Oret.</strong></span> <span class='ocrx_word' id='word_1_283' title='bbox 933 2553 981 2605; x_wconf 86' lang='lat' dir='ltr'><strong>sub</strong></span> <span class='ocrx_word' id='word_1_284' title='bbox 999 2551 1079 2604; x_wconf 81' lang='lat' dir='ltr'><strong>tineus</strong></span> <span class='ocrx_word' id='word_1_285' title='bbox 1095 2551 1194 2606; x_wconf 84' lang='lat' dir='ltr'><strong>iudicat</strong></span> <span class='ocrx_word' id='word_1_286' title='bbox 1210 2551 1250 2606; x_wconf 87' lang='lat' dir='ltr'><strong>bis</strong></span> 
     </span>
     <span class='ocr_line' id='line_1_28' title="bbox 86 2635 1249 2706; baseline 0 -16"><span class='ocrx_word' id='word_1_287' title='bbox 86 2637 186 2690; x_wconf 79' lang='lat' dir='ltr'><strong>verbis:</strong></span> <span class='ocrx_word' id='word_1_288' title='bbox 204 2635 249 2688; x_wconf 81' lang='lat' dir='ltr'><strong>Sic</strong></span> <span class='ocrx_word' id='word_1_289' title='bbox 261 2645 286 2688; x_wconf 90' lang='lat' dir='ltr'><strong>et</strong></span> <span class='ocrx_word' id='word_1_290' title='bbox 297 2637 338 2688; x_wconf 80' lang='lat' dir='ltr'><strong>die</strong></span> <span class='ocrx_word' id='word_1_291' title='bbox 345 2636 475 2705; x_wconf 71' lang='lat' dir='ltr'><strong>paschae,</strong></span> <span class='ocrx_word' id='word_1_292' title='bbox 491 2655 538 2705; x_wconf 81' lang='lat' dir='ltr'><strong>pao</strong></span> <span class='ocrx_word' id='word_1_293' title='bbox 555 2640 689 2688; x_wconf 78' lang='lat' dir='ltr'><strong>communie</strong></span> <span class='ocrx_word' id='word_1_294' title='bbox 700 2645 726 2688; x_wconf 88' lang='lat' dir='ltr'><strong>et</strong></span> <span class='ocrx_word' id='word_1_295' title='bbox 735 2641 810 2705; x_wconf 75' lang='grc' dir='ltr'><strong>ριιοσί</strong></span> <span class='ocrx_word' id='word_1_296' title='bbox 817 2637 924 2706; x_wconf 79' lang='lat' dir='ltr'><strong>publica</strong></span> <span class='ocrx_word' id='word_1_297' title='bbox 935 2639 1025 2688; x_wconf 79' lang='grc' dir='ltr'><strong>ίσίυαίί</strong></span> <span class='ocrx_word' id='word_1_298' title='bbox 1035 2637 1128 2703; x_wconf 69' lang='grc' dir='ltr'><strong>ασίίρίο</strong></span> <span class='ocrx_word' id='word_1_299' title='bbox 1140 2647 1189 2701; x_wconf 81' lang='lat' dir='ltr'><strong>eat,</strong></span> <span class='ocrx_word' id='word_1_300' title='bbox 1201 2655 1249 2691; x_wconf 85' lang='lat' dir='ltr'><strong>me·</strong></span> 
     </span>
     <span class='ocr_line' id='line_1_29' title="bbox 85 2721 1248 2791; baseline 0.004 -17"><span class='ocrx_word' id='word_1_301' title='bbox 85 2727 138 2775; x_wconf 76' lang='lat' dir='ltr'><strong>rito</strong></span> <span class='ocrx_word' id='word_1_302' title='bbox 151 2723 297 2790; x_wconf 76' lang='lat' dir='ltr'><strong>deponimus</strong></span> <span class='ocrx_word' id='word_1_303' title='bbox 307 2723 429 2786; x_wconf 82' lang='grc' dir='ltr'><strong>οευυίιεοι,</strong></span> <span class='ocrx_word' id='word_1_304' title='bbox 446 2721 512 2773; x_wconf 73' lang='lat' dir='ltr'><strong>citit</strong></span> <span class='ocrx_word' id='word_1_305' title='bbox 523 2732 641 2774; x_wconf 81' lang='lat' dir='ltr'><strong>curantes</strong></span> <span class='ocrx_word' id='word_1_306' title='bbox 652 2724 683 2774; x_wconf 83' lang='lat' dir='ltr'><strong>ds</strong></span> <span class='ocrx_word' id='word_1_307' title='bbox 695 2723 843 2783; x_wconf 77' lang='lat' dir='ltr'><strong>osculando,</strong></span> <span class='ocrx_word' id='word_1_308' title='bbox 861 2724 927 2790; x_wconf 77' lang='lat' dir='ltr'><strong>qaod</strong></span> <span class='ocrx_word' id='word_1_309' title='bbox 941 2737 996 2772; x_wconf 80' lang='grc' dir='ltr'><strong>σουι</strong></span> <span class='ocrx_word' id='word_1_310' title='bbox 1009 2722 1248 2791; x_wconf 77' lang='lat' dir='ltr'><strong>omnibaesacr&#39;moe.</strong></span> 
     </span>
     <span class='ocr_line' id='line_1_30' title="bbox 87 2805 1249 2877; baseline -0.001 -15"><span class='ocrx_word' id='word_1_311' title='bbox 87 2809 118 2862; x_wconf 88' lang='lat' dir='ltr'><strong>ln</strong></span> <span class='ocrx_word' id='word_1_312' title='bbox 134 2807 246 2877; x_wconf 84' lang='lat' dir='ltr'><strong>publicis</strong></span> <span class='ocrx_word' id='word_1_313' title='bbox 260 2805 342 2876; x_wconf 77' lang='lat' dir='ltr'><strong>igitur</strong></span> <span class='ocrx_word' id='word_1_314' title='bbox 359 2806 561 2876; x_wconf 88' lang='lat' dir='ltr'><strong>solennibusque</strong></span> <span class='ocrx_word' id='word_1_315' title='bbox 578 2806 681 2860; x_wconf 88' lang='lat' dir='ltr'><strong>ieiuniis</strong></span> <span class='ocrx_word' id='word_1_316' title='bbox 698 2821 803 2876; x_wconf 88' lang='lat' dir='ltr'><strong>paceru,</strong></span> <span class='ocrx_word' id='word_1_317' title='bbox 820 2805 869 2860; x_wconf 88' lang='lat' dir='ltr'><strong>hoc</strong></span> <span class='ocrx_word' id='word_1_318' title='bbox 886 2811 925 2859; x_wconf 90' lang='lat' dir='ltr'><strong>est</strong></span> <span class='ocrx_word' id='word_1_319' title='bbox 943 2807 1073 2871; x_wconf 88' lang='lat' dir='ltr'><strong>osculum,</strong></span> <span class='ocrx_word' id='word_1_320' title='bbox 1090 2807 1142 2860; x_wconf 89' lang='lat' dir='ltr'><strong>eibi</strong></span> <span class='ocrx_word' id='word_1_321' title='bbox 1158 2813 1249 2862; x_wconf 88' lang='lat' dir='ltr'><strong>mutuo</strong></span> 
     </span>
     <span class='ocr_line' id='line_1_31' title="bbox 85 2889 1249 2963; baseline 0 -17"><span class='ocrx_word' id='word_1_322' title='bbox 85 2893 180 2946; x_wconf 82' lang='lat' dir='ltr'><strong>fideles</strong></span> <span class='ocrx_word' id='word_1_323' title='bbox 196 2908 251 2945; x_wconf 90' lang='lat' dir='ltr'><strong>uon</strong></span> <span class='ocrx_word' id='word_1_324' title='bbox 266 2890 371 2946; x_wconf 88' lang='lat' dir='ltr'><strong>dabant.</strong></span> <span class='ocrx_word' id='word_1_325' title='bbox 398 2889 473 2956; x_wconf 80' lang='lat' dir='ltr'><strong>Quod</strong></span> <span class='ocrx_word' id='word_1_326' title='bbox 484 2907 544 2944; x_wconf 84' lang='lat' dir='ltr'><strong>cunr</strong></span> <span class='ocrx_word' id='word_1_327' title='bbox 556 2891 583 2944; x_wconf 89' lang='lat' dir='ltr'><strong>iu</strong></span> <span class='ocrx_word' id='word_1_328' title='bbox 594 2891 702 2961; x_wconf 80' lang='lat' dir='ltr'><strong>privatio</strong></span> <span class='ocrx_word' id='word_1_329' title='bbox 714 2898 740 2944; x_wconf 90' lang='lat' dir='ltr'><strong>et</strong></span> <span class='ocrx_word' id='word_1_330' title='bbox 750 2892 883 2946; x_wconf 79' lang='lat' dir='ltr'><strong>voluntate</strong></span> <span class='ocrx_word' id='word_1_331' title='bbox 895 2893 1023 2963; x_wconf 72' lang='lat' dir='ltr'><strong>susceptis</strong></span> <span class='ocrx_word' id='word_1_332' title='bbox 1034 2892 1141 2962; x_wconf 88' lang='lat' dir='ltr'><strong>perinde</strong></span> <span class='ocrx_word' id='word_1_333' title='bbox 1152 2893 1186 2946; x_wconf 89' lang='lat' dir='ltr'><strong>ab</strong></span> <span class='ocrx_word' id='word_1_334' title='bbox 1198 2893 1249 2946; x_wconf 89' lang='lat' dir='ltr'><strong>illis</strong></span> 
     </span>
     <span class='ocr_line' id='line_1_32' title="bbox 86 2975 1250 3048; baseline -0.002 -16"><span class='ocrx_word' id='word_1_335' title='bbox 86 2979 279 3042; x_wconf 86' lang='lat' dir='ltr'><strong>obserraretur,</strong></span> <span class='ocrx_word' id='word_1_336' title='bbox 291 2977 372 3048; x_wconf 83' lang='lat' dir='ltr'><strong>paulo</strong></span> <span class='ocrx_word' id='word_1_337' title='bbox 387 2981 448 3030; x_wconf 86' lang='lat' dir='ltr'><strong>aute</strong></span> <span class='ocrx_word' id='word_1_338' title='bbox 459 2975 528 3030; x_wconf 88' lang='lat' dir='ltr'><strong>idern</strong></span> <span class='ocrx_word' id='word_1_339' title='bbox 539 2976 645 3030; x_wconf 79' lang='lat' dir='ltr'><strong>Tertull.</strong></span> <span class='ocrx_word' id='word_1_340' title='bbox 658 2975 799 3048; x_wconf 84' lang='lat' dir='ltr'><strong>inprobat:</strong></span> <span class='ocrx_word' id='word_1_341' title='bbox 825 2979 891 3030; x_wconf 73' lang='lat' dir='ltr'><strong>Alia</strong></span> <span class='ocrx_word' id='word_1_342' title='bbox 906 2982 971 3043; x_wconf 75' lang='lat' dir='ltr'><strong>tam,</strong></span> <span class='ocrx_word' id='word_1_343' title='bbox 987 2978 1083 3048; x_wconf 88' lang='lat' dir='ltr'><strong>inquit,</strong></span> <span class='ocrx_word' id='word_1_344' title='bbox 1100 2981 1250 3031; x_wconf 71' lang='lat' dir='ltr'><strong>carraciaco</strong></span> 
     </span>
     <span class='ocr_line' id='line_1_33' title="bbox 86 3061 1252 3134; baseline -0.002 -16"><span class='ocrx_word' id='word_1_345' title='bbox 86 3065 207 3118; x_wconf 74' lang='lat' dir='ltr'><strong>incaluit.</strong></span> <span class='ocrx_word' id='word_1_346' title='bbox 225 3063 372 3116; x_wconf 78' lang='grc' dir='ltr'><strong>ίσίυιιαιιεσε</strong></span> <span class='ocrx_word' id='word_1_347' title='bbox 383 3061 473 3115; x_wconf 78' lang='lat' dir='ltr'><strong>tabita</strong></span> <span class='ocrx_word' id='word_1_348' title='bbox 484 3065 598 3115; x_wconf 81' lang='lat' dir='ltr'><strong>orations</strong></span> <span class='ocrx_word' id='word_1_349' title='bbox 610 3063 800 3131; x_wconf 73' lang='lat' dir='ltr'><strong>confratribus</strong></span> <span class='ocrx_word' id='word_1_350' title='bbox 811 3063 962 3116; x_wconf 70' lang='lat' dir='ltr'><strong>subtrabunt</strong></span> <span class='ocrx_word' id='word_1_351' title='bbox 971 3065 1081 3116; x_wconf 81' lang='lat' dir='ltr'><strong>osculum</strong></span> <span class='ocrx_word' id='word_1_352' title='bbox 1090 3067 1174 3133; x_wconf 80' lang='lat' dir='ltr'><strong>pacis,</strong></span> <span class='ocrx_word' id='word_1_353' title='bbox 1186 3067 1252 3134; x_wconf 80' lang='lat' dir='ltr'><strong>quad</strong></span> 
     </span>
     <span class='ocr_line' id='line_1_34' title="bbox 87 3145 1252 3219; baseline -0.002 -17"><span class='ocrx_word' id='word_1_354' title='bbox 87 3149 294 3216; x_wconf 60' lang='lat' dir='ltr'><strong>manuacense</strong></span> <span class='ocrx_word' id='word_1_355' title='bbox 303 3151 433 3203; x_wconf 71' lang='grc' dir='ltr'><strong>ονοίίοαίο.</strong></span> <span class='ocrx_word' id='word_1_356' title='bbox 451 3145 524 3200; x_wconf 90' lang='lat' dir='ltr'><strong>Unde</strong></span> <span class='ocrx_word' id='word_1_357' title='bbox 533 3147 593 3201; x_wconf 90' lang='lat' dir='ltr'><strong>illue</strong></span> <span class='ocrx_word' id='word_1_358' title='bbox 605 3147 734 3212; x_wconf 77' lang='grc' dir='ltr'><strong>ειίιιιοιιοί,</strong></span> <span class='ocrx_word' id='word_1_359' title='bbox 746 3153 776 3200; x_wconf 90' lang='lat' dir='ltr'><strong>ut</strong></span> <span class='ocrx_word' id='word_1_360' title='bbox 786 3163 845 3202; x_wconf 87' lang='lat' dir='ltr'><strong>curu</strong></span> <span class='ocrx_word' id='word_1_361' title='bbox 854 3149 974 3219; x_wconf 81' lang='lat' dir='ltr'><strong>privatim</strong></span> <span class='ocrx_word' id='word_1_362' title='bbox 985 3149 1036 3218; x_wconf 91' lang='lat' dir='ltr'><strong>ipsi</strong></span> <span class='ocrx_word' id='word_1_363' title='bbox 1046 3149 1172 3214; x_wconf 78' lang='lat' dir='ltr'><strong>ieiunant,</strong></span> <span class='ocrx_word' id='word_1_364' title='bbox 1184 3151 1252 3201; x_wconf 79' lang='lat' dir='ltr'><strong>doma·</strong></span> 
     </span>
     <span class='ocr_line' id='line_1_35' title="bbox 87 3235 1251 3306; baseline 0 -18"><span class='ocrx_word' id='word_1_365' title='bbox 87 3237 203 3305; x_wconf 75' lang='lat' dir='ltr'><strong>quidem,</strong></span> <span class='ocrx_word' id='word_1_366' title='bbox 214 3237 281 3286; x_wconf 76' lang='lat' dir='ltr'><strong>inter</strong></span> <span class='ocrx_word' id='word_1_367' title='bbox 291 3251 351 3302; x_wconf 83' lang='lat' dir='ltr'><strong>poor</strong></span> <span class='ocrx_word' id='word_1_368' title='bbox 362 3235 442 3286; x_wconf 81' lang='lat' dir='ltr'><strong>latere</strong></span> <span class='ocrx_word' id='word_1_369' title='bbox 453 3236 573 3286; x_wconf 71' lang='grc' dir='ltr'><strong>ιἐίυνιίυιιι</strong></span> <span class='ocrx_word' id='word_1_370' title='bbox 583 3237 611 3284; x_wconf 81' lang='lat' dir='ltr'><strong>ia</strong></span> <span class='ocrx_word' id='word_1_371' title='bbox 623 3241 697 3286; x_wconf 78' lang='lat' dir='ltr'><strong>tatum</strong></span> <span class='ocrx_word' id='word_1_372' title='bbox 708 3251 757 3286; x_wconf 82' lang='lat' dir='ltr'><strong>aaa</strong></span> <span class='ocrx_word' id='word_1_373' title='bbox 769 3235 854 3296; x_wconf 73' lang='lat' dir='ltr'><strong>dabar,</strong></span> <span class='ocrx_word' id='word_1_374' title='bbox 863 3251 955 3302; x_wconf 82' lang='lat' dir='ltr'><strong>pacem</strong></span> <span class='ocrx_word' id='word_1_375' title='bbox 964 3235 1098 3302; x_wconf 77' lang='lat' dir='ltr'><strong>differant.-</strong></span> <span class='ocrx_word' id='word_1_376' title='bbox 1110 3240 1137 3287; x_wconf 90' lang='lat' dir='ltr'><strong>at</strong></span> <span class='ocrx_word' id='word_1_377' title='bbox 1147 3235 1251 3306; x_wconf 90' lang='lat' dir='ltr'><strong>publice</strong></span> 
     </span>
     <span class='ocr_line' id='line_1_36' title="bbox 87 3317 1351 3390; baseline 0 -17"><span class='ocrx_word' id='word_1_378' title='bbox 87 3321 155 3373; x_wconf 91' lang='lat' dir='ltr'><strong>etin</strong></span> <span class='ocrx_word' id='word_1_379' title='bbox 168 3319 276 3372; x_wconf 84' lang='lat' dir='ltr'><strong>eccleaia</strong></span> <span class='ocrx_word' id='word_1_380' title='bbox 286 3318 448 3372; x_wconf 70' lang='lat' dir='ltr'><strong>diminulato</strong></span> <span class='ocrx_word' id='word_1_381' title='bbox 465 3318 561 3372; x_wconf 90' lang='lat' dir='ltr'><strong>ieiunio</strong></span> <span class='ocrx_word' id='word_1_382' title='bbox 579 3317 760 3372; x_wconf 82' lang='lat' dir='ltr'><strong>consuetudini</strong></span> <span class='ocrx_word' id='word_1_383' title='bbox 776 3319 899 3372; x_wconf 80' lang='lat' dir='ltr'><strong>servient</strong></span> <span class='ocrx_word' id='word_1_384' title='bbox 924 3317 1055 3372; x_wconf 74' lang='lat' dir='ltr'><strong>Posterior</strong></span> <span class='ocrx_word' id='word_1_385' title='bbox 1066 3335 1141 3384; x_wconf 84' lang='lat' dir='ltr'><strong>vero,</strong></span> <span class='ocrx_word' id='word_1_386' title='bbox 1151 3337 1251 3390; x_wconf 84' lang='lat' dir='ltr'><strong>nempe</strong></span> <span class='ocrx_word' id='word_1_387' title='bbox 1276 3329 1351 3380; x_wconf 72' lang='lat' dir='ltr'><strong>nasa.</strong></span> 
     </span>
     <span class='ocr_line' id='line_1_37' title="bbox 87 3403 1250 3474; baseline 0.002 -16"><span class='ocrx_word' id='word_1_388' title='bbox 87 3421 149 3464; x_wconf 82' lang='lat' dir='ltr'><strong>cunr</strong></span> <span class='ocrx_word' id='word_1_389' title='bbox 161 3403 286 3474; x_wconf 72' lang='lat' dir='ltr'><strong>mysteria</strong></span> <span class='ocrx_word' id='word_1_390' title='bbox 296 3403 492 3467; x_wconf 87' lang='lat' dir='ltr'><strong>celebrarentur,</strong></span> <span class='ocrx_word' id='word_1_391' title='bbox 503 3417 594 3473; x_wconf 84' lang='lat' dir='ltr'><strong>paoem</strong></span> <span class='ocrx_word' id='word_1_392' title='bbox 605 3408 683 3472; x_wconf 83' lang='lat' dir='ltr'><strong>atque</strong></span> <span class='ocrx_word' id='word_1_393' title='bbox 696 3403 813 3456; x_wconf 84' lang='grc' dir='ltr'><strong>οιιιιίυιιι</strong></span> <span class='ocrx_word' id='word_1_394' title='bbox 822 3419 838 3456; x_wconf 91' lang='lat' dir='ltr'><strong>a</strong></span> <span class='ocrx_word' id='word_1_395' title='bbox 846 3403 966 3456; x_wconf 88' lang='lat' dir='ltr'><strong>fidelibus</strong></span> <span class='ocrx_word' id='word_1_396' title='bbox 976 3404 1094 3458; x_wconf 86' lang='lat' dir='ltr'><strong>oblatnnr</strong></span> <span class='ocrx_word' id='word_1_397' title='bbox 1102 3403 1193 3471; x_wconf 84' lang='lat' dir='ltr'><strong>inisse,</strong></span> <span class='ocrx_word' id='word_1_398' title='bbox 1204 3407 1250 3460; x_wconf 84' lang='lat' dir='ltr'><strong>rix</strong></span> 
     </span>
     <span class='ocr_line' id='line_1_38' title="bbox 87 3488 1250 3560; baseline 0 -16"><span class='ocrx_word' id='word_1_399' title='bbox 87 3499 130 3544; x_wconf 88' lang='lat' dir='ltr'><strong>est</strong></span> <span class='ocrx_word' id='word_1_400' title='bbox 139 3495 171 3544; x_wconf 92' lang='lat' dir='ltr'><strong>ut</strong></span> <span class='ocrx_word' id='word_1_401' title='bbox 181 3489 285 3559; x_wconf 88' lang='lat' dir='ltr'><strong>probari</strong></span> <span class='ocrx_word' id='word_1_402' title='bbox 295 3505 402 3543; x_wconf 70' lang='lat' dir='ltr'><strong>uecoese</strong></span> <span class='ocrx_word' id='word_1_403' title='bbox 413 3489 455 3542; x_wconf 89' lang='lat' dir='ltr'><strong>sit.</strong></span> <span class='ocrx_word' id='word_1_404' title='bbox 472 3489 524 3542; x_wconf 80' lang='lat' dir='ltr'><strong>lies</strong></span> <span class='ocrx_word' id='word_1_405' title='bbox 536 3489 606 3542; x_wconf 88' lang='lat' dir='ltr'><strong>enirn</strong></span> <span class='ocrx_word' id='word_1_406' title='bbox 617 3494 658 3542; x_wconf 90' lang='lat' dir='ltr'><strong>est</strong></span> <span class='ocrx_word' id='word_1_407' title='bbox 667 3488 812 3560; x_wconf 85' lang='lat' dir='ltr'><strong>perspicua.</strong></span> <span class='ocrx_word' id='word_1_408' title='bbox 829 3489 882 3542; x_wconf 78' lang='lat' dir='ltr'><strong>Sed</strong></span> <span class='ocrx_word' id='word_1_409' title='bbox 893 3489 993 3560; x_wconf 85' lang='lat' dir='ltr'><strong>aliquot</strong></span> <span class='ocrx_word' id='word_1_410' title='bbox 1003 3488 1172 3544; x_wconf 86' lang='lat' dir='ltr'><strong>nihilomiuus</strong></span> <span class='ocrx_word' id='word_1_411' title='bbox 1180 3497 1250 3544; x_wconf 86' lang='lat' dir='ltr'><strong>rete·</strong></span> 
     </span>
     <span class='ocr_line' id='line_1_39' title="bbox 86 3571 1252 3646; baseline -0.001 -16"><span class='ocrx_word' id='word_1_412' title='bbox 86 3591 148 3630; x_wconf 90' lang='lat' dir='ltr'><strong>ruru</strong></span> <span class='ocrx_word' id='word_1_413' title='bbox 166 3575 316 3628; x_wconf 80' lang='lat' dir='ltr'><strong>testimonie</strong></span> <span class='ocrx_word' id='word_1_414' title='bbox 331 3574 481 3645; x_wconf 85' lang='lat' dir='ltr'><strong>producam.</strong></span> <span class='ocrx_word' id='word_1_415' title='bbox 509 3573 625 3628; x_wconf 84' lang='lat' dir='ltr'><strong>Priorum</strong></span> <span class='ocrx_word' id='word_1_416' title='bbox 636 3571 827 3626; x_wconf 85' lang='lat' dir='ltr'><strong>Ledodiceuunr</strong></span> <span class='ocrx_word' id='word_1_417' title='bbox 840 3589 913 3628; x_wconf 90' lang='lat' dir='ltr'><strong>conc.</strong></span> <span class='ocrx_word' id='word_1_418' title='bbox 926 3574 987 3630; x_wconf 82' lang='lat' dir='ltr'><strong>Gau.</strong></span> <span class='ocrx_word' id='word_1_419' title='bbox 997 3593 1051 3630; x_wconf 84' lang='lat' dir='ltr'><strong>nx.</strong></span> <span class='ocrx_word' id='word_1_420' title='bbox 1062 3576 1091 3630; x_wconf 89' lang='lat' dir='ltr'><strong>iu</strong></span> <span class='ocrx_word' id='word_1_421' title='bbox 1101 3576 1214 3646; x_wconf 84' lang='lat' dir='ltr'><strong>liturgiis</strong></span> <span class='ocrx_word' id='word_1_422' title='bbox 1225 3581 1252 3629; x_wconf 89' lang='lat' dir='ltr'><strong>et</strong></span> 
     </span>
     <span class='ocr_line' id='line_1_40' title="bbox 86 3657 1250 3732; baseline -0.002 -16"><span class='ocrx_word' id='word_1_423' title='bbox 86 3659 237 3731; x_wconf 76' lang='lat' dir='ltr'><strong>synaxibus</strong></span> <span class='ocrx_word' id='word_1_424' title='bbox 254 3658 323 3714; x_wconf 85' lang='lat' dir='ltr'><strong>buue</strong></span> <span class='ocrx_word' id='word_1_425' title='bbox 339 3659 492 3730; x_wconf 88' lang='lat' dir='ltr'><strong>praescribit</strong></span> <span class='ocrx_word' id='word_1_426' title='bbox 508 3658 631 3712; x_wconf 85' lang='lat' dir='ltr'><strong>ordinem.</strong></span> <span class='ocrx_word' id='word_1_427' title='bbox 665 3658 727 3712; x_wconf 88' lang='lat' dir='ltr'><strong>Post</strong></span> <span class='ocrx_word' id='word_1_428' title='bbox 742 3657 845 3714; x_wconf 84' lang='lat' dir='ltr'><strong>habitos</strong></span> <span class='ocrx_word' id='word_1_429' title='bbox 862 3661 896 3713; x_wconf 84' lang='lat' dir='ltr'><strong>ab</strong></span> <span class='ocrx_word' id='word_1_430' title='bbox 913 3661 1035 3732; x_wconf 89' lang='lat' dir='ltr'><strong>episcopo</strong></span> <span class='ocrx_word' id='word_1_431' title='bbox 1056 3677 1188 3716; x_wconf 86' lang='lat' dir='ltr'><strong>sormones</strong></span> <span class='ocrx_word' id='word_1_432' title='bbox 1208 3677 1250 3714; x_wconf 86' lang='lat' dir='ltr'><strong>ca·</strong></span> 
     </span>
     <span class='ocr_line' id='line_1_41' title="bbox 86 3741 1251 3817; baseline 0.001 -18"><span class='ocrx_word' id='word_1_433' title='bbox 86 3745 304 3800; x_wconf 83' lang='lat' dir='ltr'><strong>teeburneuoruur</strong></span> <span class='ocrx_word' id='word_1_434' title='bbox 318 3743 474 3798; x_wconf 88' lang='lat' dir='ltr'><strong>succedebet</strong></span> <span class='ocrx_word' id='word_1_435' title='bbox 489 3745 579 3798; x_wconf 88' lang='lat' dir='ltr'><strong>oratio.</strong></span> <span class='ocrx_word' id='word_1_436' title='bbox 605 3741 704 3806; x_wconf 83' lang='lat' dir='ltr'><strong>Quibus</strong></span> <span class='ocrx_word' id='word_1_437' title='bbox 720 3743 845 3814; x_wconf 77' lang='lat' dir='ltr'><strong>digressis</strong></span> <span class='ocrx_word' id='word_1_438' title='bbox 862 3761 939 3816; x_wconf 90' lang='lat' dir='ltr'><strong>super</strong></span> <span class='ocrx_word' id='word_1_439' title='bbox 955 3748 1116 3817; x_wconf 87' lang='lat' dir='ltr'><strong>poenitentes</strong></span> <span class='ocrx_word' id='word_1_440' title='bbox 1134 3745 1251 3800; x_wconf 85' lang='lat' dir='ltr'><strong>orabant.</strong></span> 
     </span>
     <span class='ocr_line' id='line_1_42' title="bbox 85 3827 1251 3902; baseline -0.001 -16"><span class='ocrx_word' id='word_1_441' title='bbox 85 3833 173 3886; x_wconf 87' lang='lat' dir='ltr'><strong>lisub</strong></span> <span class='ocrx_word' id='word_1_442' title='bbox 184 3845 279 3884; x_wconf 85' lang='lat' dir='ltr'><strong>manus</strong></span> <span class='ocrx_word' id='word_1_443' title='bbox 291 3830 432 3884; x_wconf 88' lang='lat' dir='ltr'><strong>subeuntes</strong></span> <span class='ocrx_word' id='word_1_444' title='bbox 443 3827 490 3882; x_wconf 88' lang='lat' dir='ltr'><strong>ubi</strong></span> <span class='ocrx_word' id='word_1_445' title='bbox 500 3835 672 3894; x_wconf 87' lang='lat' dir='ltr'><strong>recesserant,</strong></span> <span class='ocrx_word' id='word_1_446' title='bbox 688 3833 745 3884; x_wconf 88' lang='lat' dir='ltr'><strong>turn</strong></span> <span class='ocrx_word' id='word_1_447' title='bbox 760 3829 877 3885; x_wconf 85' lang='lat' dir='ltr'><strong>fidelium</strong></span> <span class='ocrx_word' id='word_1_448' title='bbox 887 3831 982 3901; x_wconf 88' lang='lat' dir='ltr'><strong>triplex</strong></span> <span class='ocrx_word' id='word_1_449' title='bbox 994 3833 1076 3886; x_wconf 85' lang='lat' dir='ltr'><strong>oratio</strong></span> <span class='ocrx_word' id='word_1_450' title='bbox 1087 3832 1251 3902; x_wconf 85' lang='lat' dir='ltr'><strong>concipieba·</strong></span> 
     </span>
     <span class='ocr_line' id='line_1_43' title="bbox 86 3909 1250 3988; baseline -0.003 -17"><span class='ocrx_word' id='word_1_451' title='bbox 86 3927 142 3971; x_wconf 78' lang='lat' dir='ltr'><strong>tur:</strong></span> <span class='ocrx_word' id='word_1_452' title='bbox 160 3909 216 3970; x_wconf 78' lang='grc' dir='ltr'><strong>Εἶθ’</strong></span> <span class='ocrx_word' id='word_1_453' title='bbox 229 3914 307 3976; x_wconf 72' lang='grc' dir='ltr'><strong>οὓτως</strong></span> <span class='ocrx_word' id='word_1_454' title='bbox 319 3913 362 3982; x_wconf 82' lang='grc' dir='ltr'><strong>τὴν</strong></span> <span class='ocrx_word' id='word_1_455' title='bbox 374 3912 467 3985; x_wconf 78' lang='grc' dir='ltr'><strong>είριίνην</strong></span> <span class='ocrx_word' id='word_1_456' title='bbox 477 3913 599 3982; x_wconf 87' lang='grc' dir='ltr'><strong>δίδοσθαι,</strong></span> <span class='ocrx_word' id='word_1_457' title='bbox 611 3913 690 3979; x_wconf 87' lang='lat' dir='ltr'><strong>iubet,</strong></span> <span class='ocrx_word' id='word_1_458' title='bbox 702 3914 742 3966; x_wconf 80' lang='lat' dir='ltr'><strong>rui</strong></span> <span class='ocrx_word' id='word_1_459' title='bbox 755 3911 816 3985; x_wconf 80' lang='lat' dir='ltr'><strong>perir</strong></span> <span class='ocrx_word' id='word_1_460' title='bbox 827 3915 856 3968; x_wconf 71' lang='grc' dir='ltr'><strong>τὸ</strong></span> <span class='ocrx_word' id='word_1_461' title='bbox 868 3916 1043 3988; x_wconf 82' lang='grc' dir='ltr'><strong>πρισβυτίρους</strong></span> <span class='ocrx_word' id='word_1_462' title='bbox 1055 3917 1139 3969; x_wconf 78' lang='grc' dir='ltr'><strong>δοῦναι</strong></span> <span class='ocrx_word' id='word_1_463' title='bbox 1150 3921 1188 3986; x_wconf 83' lang='grc' dir='ltr'><strong>τῷ</strong></span> <span class='ocrx_word' id='word_1_464' title='bbox 1199 3915 1250 3968; x_wconf 84' lang='grc' dir='ltr'><strong>ίπι-</strong></span> 
     </span>
     <span class='ocr_line' id='line_1_44' title="bbox 87 3995 1250 4072; baseline -0.001 -17"><span class='ocrx_word' id='word_1_465' title='bbox 87 4004 179 4071; x_wconf 67' lang='lat' dir='ltr'><strong>neap</strong></span> <span class='ocrx_word' id='word_1_466' title='bbox 191 3998 235 4068; x_wconf 80' lang='grc' dir='ltr'><strong>τὴν</strong></span> <span class='ocrx_word' id='word_1_467' title='bbox 247 3997 349 4070; x_wconf 74' lang='grc' dir='ltr'><strong>είρνίνην,</strong></span> <span class='ocrx_word' id='word_1_468' title='bbox 365 4000 422 4051; x_wconf 84' lang='grc' dir='ltr'><strong>τότε</strong></span> <span class='ocrx_word' id='word_1_469' title='bbox 433 3999 490 4060; x_wconf 72' lang='grc' dir='ltr'><strong>τοὺς</strong></span> <span class='ocrx_word' id='word_1_470' title='bbox 502 3999 601 4058; x_wconf 83' lang='grc' dir='ltr'><strong>λαίαοίις</strong></span> <span class='ocrx_word' id='word_1_471' title='bbox 613 3996 655 4066; x_wconf 76' lang='grc' dir='ltr'><strong>τὴν</strong></span> <span class='ocrx_word' id='word_1_472' title='bbox 667 3995 761 4069; x_wconf 77' lang='grc' dir='ltr'><strong>είρνίνην</strong></span> <span class='ocrx_word' id='word_1_473' title='bbox 773 4001 878 4070; x_wconf 82' lang='grc' dir='ltr'><strong>διδόναι,</strong></span> <span class='ocrx_word' id='word_1_474' title='bbox 896 4001 937 4052; x_wconf 74' lang='grc' dir='ltr'><strong>καί</strong></span> <span class='ocrx_word' id='word_1_475' title='bbox 953 4001 1019 4054; x_wconf 72' lang='grc' dir='ltr'><strong>οὕτω</strong></span> <span class='ocrx_word' id='word_1_476' title='bbox 1034 4000 1078 4069; x_wconf 74' lang='grc' dir='ltr'><strong>την</strong></span> <span class='ocrx_word' id='word_1_477' title='bbox 1094 3999 1165 4071; x_wconf 78' lang='grc' dir='ltr'><strong>ἁγίαν</strong></span> <span class='ocrx_word' id='word_1_478' title='bbox 1177 4019 1250 4072; x_wconf 79' lang='grc' dir='ltr'><strong>προς-</strong></span> 
     </span>
    </p>
   </div>
   <div class='ocr_carea' id='block_1_5' title="bbox 83 4083 1252 4500">
    <p class='ocr_par' dir='ltr' id='par_1_5' title="bbox 83 4083 1252 4500">
     <span class='ocr_line' id='line_1_45' title="bbox 88 4083 1250 4158; baseline -0.001 -18"><span class='ocrx_word' id='word_1_479' title='bbox 88 4085 168 4158; x_wconf 77' lang='grc' dir='ltr'><strong>ρορδιν</strong></span> <span class='ocrx_word' id='word_1_480' title='bbox 186 4083 354 4140; x_wconf 70' lang='grc' dir='ltr'><strong>ίντιτνλίίσθαι.</strong></span> <span class='ocrx_word' id='word_1_481' title='bbox 384 4085 445 4138; x_wconf 82' lang='lat' dir='ltr'><strong>Tura</strong></span> <span class='ocrx_word' id='word_1_482' title='bbox 461 4103 527 4154; x_wconf 77' lang='lat' dir='ltr'><strong>poc,</strong></span> <span class='ocrx_word' id='word_1_483' title='bbox 544 4083 640 4154; x_wconf 88' lang='lat' dir='ltr'><strong>iuquit,</strong></span> <span class='ocrx_word' id='word_1_484' title='bbox 658 4085 759 4150; x_wconf 80' lang='lat' dir='ltr'><strong>danda,</strong></span> <span class='ocrx_word' id='word_1_485' title='bbox 775 4103 850 4155; x_wconf 81' lang='grc' dir='ltr'><strong>ρυσοι</strong></span> <span class='ocrx_word' id='word_1_486' title='bbox 866 4087 910 4139; x_wconf 77' lang='grc' dir='ltr'><strong>υδι·</strong></span> <span class='ocrx_word' id='word_1_487' title='bbox 923 4091 1039 4158; x_wconf 77' lang='lat' dir='ltr'><strong>episcopo</strong></span> <span class='ocrx_word' id='word_1_488' title='bbox 1050 4089 1194 4140; x_wconf 79' lang='lat' dir='ltr'><strong>sacerdotes</strong></span> <span class='ocrx_word' id='word_1_489' title='bbox 1204 4092 1250 4139; x_wconf 76' lang='lat' dir='ltr'><strong>im·</strong></span> 
     </span>
     <span class='ocr_line' id='line_1_46' title="bbox 83 4167 1251 4244; baseline 0.003 -22"><span class='ocrx_word' id='word_1_490' title='bbox 83 4175 238 4244; x_wconf 58' lang='lat' dir='ltr'><strong>patierint,</strong></span> <span class='ocrx_word' id='word_1_491' title='bbox 257 4172 322 4224; x_wconf 79' lang='lat' dir='ltr'><strong>laici</strong></span> <span class='ocrx_word' id='word_1_492' title='bbox 337 4170 388 4224; x_wconf 79' lang='grc' dir='ltr'><strong>είθί</strong></span> <span class='ocrx_word' id='word_1_493' title='bbox 403 4173 511 4224; x_wconf 79' lang='lat' dir='ltr'><strong>invicem</strong></span> <span class='ocrx_word' id='word_1_494' title='bbox 528 4171 631 4224; x_wconf 76' lang='lat' dir='ltr'><strong>dabant.</strong></span> <span class='ocrx_word' id='word_1_495' title='bbox 670 4167 810 4223; x_wconf 77' lang='lat' dir='ltr'><strong>Secundum</strong></span> <span class='ocrx_word' id='word_1_496' title='bbox 829 4189 893 4240; x_wconf 84' lang='lat' dir='ltr'><strong>puae</strong></span> <span class='ocrx_word' id='word_1_497' title='bbox 908 4173 1062 4242; x_wconf 73' lang='lat' dir='ltr'><strong>perficiatur</strong></span> <span class='ocrx_word' id='word_1_498' title='bbox 1081 4172 1182 4226; x_wconf 76' lang='grc' dir='ltr'><strong>οίιίατίο.</strong></span> <span class='ocrx_word' id='word_1_499' title='bbox 1216 4172 1251 4225; x_wconf 79' lang='lat' dir='ltr'><strong>At</strong></span> 
     </span>
     <span class='ocr_line' id='line_1_47' title="bbox 87 4253 1250 4327; baseline -0.002 -15"><span class='ocrx_word' id='word_1_500' title='bbox 87 4256 259 4313; x_wconf 83' lang='lat' dir='ltr'><strong>innocentius</strong></span> <span class='ocrx_word' id='word_1_501' title='bbox 270 4255 352 4327; x_wconf 77' lang='lat' dir='ltr'><strong>Epist</strong></span> <span class='ocrx_word' id='word_1_502' title='bbox 360 4275 380 4312; x_wconf 92' lang='grc' dir='ltr'><strong>ι.</strong></span> <span class='ocrx_word' id='word_1_503' title='bbox 393 4255 427 4308; x_wconf 89' lang='lat' dir='ltr'><strong>ad</strong></span> <span class='ocrx_word' id='word_1_504' title='bbox 438 4254 544 4308; x_wconf 86' lang='lat' dir='ltr'><strong>Decent</strong></span> <span class='ocrx_word' id='word_1_505' title='bbox 555 4270 640 4325; x_wconf 85' lang='lat' dir='ltr'><strong>capr.</strong></span> <span class='ocrx_word' id='word_1_506' title='bbox 652 4269 743 4324; x_wconf 86' lang='lat' dir='ltr'><strong>pacem</strong></span> <span class='ocrx_word' id='word_1_507' title='bbox 754 4253 874 4325; x_wconf 89' lang='lat' dir='ltr'><strong>prohibet</strong></span> <span class='ocrx_word' id='word_1_508' title='bbox 884 4263 945 4310; x_wconf 82' lang='lat' dir='ltr'><strong>ente</strong></span> <span class='ocrx_word' id='word_1_509' title='bbox 956 4257 1030 4310; x_wconf 85' lang='lat' dir='ltr'><strong>linita</strong></span> <span class='ocrx_word' id='word_1_510' title='bbox 1045 4257 1170 4325; x_wconf 73' lang='lat' dir='ltr'><strong>mysterio</strong></span> <span class='ocrx_word' id='word_1_511' title='bbox 1186 4255 1250 4312; x_wconf 88' lang='lat' dir='ltr'><strong>deri.</strong></span> 
     </span>
     <span class='ocr_line' id='line_1_48' title="bbox 87 4340 1252 4412; baseline -0.002 -16"><span class='ocrx_word' id='word_1_512' title='bbox 87 4345 185 4398; x_wconf 79' lang='lat' dir='ltr'><strong>Pacem</strong></span> <span class='ocrx_word' id='word_1_513' title='bbox 197 4345 378 4410; x_wconf 76' lang='lat' dir='ltr'><strong>erpaaerere&#39;e,</strong></span> <span class='ocrx_word' id='word_1_514' title='bbox 388 4340 481 4410; x_wconf 74' lang='lat' dir='ltr'><strong>iuquit</strong></span> <span class='ocrx_word' id='word_1_515' title='bbox 494 4351 553 4393; x_wconf 85' lang='lat' dir='ltr'><strong>cote</strong></span> <span class='ocrx_word' id='word_1_516' title='bbox 564 4342 680 4404; x_wconf 81' lang='lat' dir='ltr'><strong>consecto</strong></span> <span class='ocrx_word' id='word_1_517' title='bbox 692 4344 812 4408; x_wconf 68' lang='lat' dir='ltr'><strong>mysteria</strong></span> <span class='ocrx_word' id='word_1_518' title='bbox 823 4344 942 4410; x_wconf 81' lang='grc' dir='ltr'><strong>ρυοσιίσοι</strong></span> <span class='ocrx_word' id='word_1_519' title='bbox 949 4343 1052 4411; x_wconf 79' lang='grc' dir='ltr'><strong>ρορυίίε</strong></span> <span class='ocrx_word' id='word_1_520' title='bbox 1062 4347 1199 4412; x_wconf 79' lang='lat' dir='ltr'><strong>imperare,</strong></span> <span class='ocrx_word' id='word_1_521' title='bbox 1210 4344 1252 4396; x_wconf 85' lang='grc' dir='ltr'><strong>υσί</strong></span> 
     </span>
     <span class='ocr_line' id='line_1_49' title="bbox 86 4427 1252 4500; baseline -0.003 -16"><span class='ocrx_word' id='word_1_522' title='bbox 86 4431 138 4484; x_wconf 75' lang='lat' dir='ltr'><strong>siti</strong></span> <span class='ocrx_word' id='word_1_523' title='bbox 148 4433 218 4482; x_wconf 75' lang='lat' dir='ltr'><strong>inter</strong></span> <span class='ocrx_word' id='word_1_524' title='bbox 228 4429 375 4480; x_wconf 58' lang='lat' dir='ltr'><strong>sacedotes</strong></span> <span class='ocrx_word' id='word_1_525' title='bbox 387 4427 501 4490; x_wconf 63' lang='lat' dir='ltr'><strong>tradem</strong></span> <span class='ocrx_word' id='word_1_526' title='bbox 519 4441 574 4478; x_wconf 81' lang='lat' dir='ltr'><strong>cum</strong></span> <span class='ocrx_word' id='word_1_527' title='bbox 587 4433 648 4498; x_wconf 85' lang='lat' dir='ltr'><strong>poet</strong></span> <span class='ocrx_word' id='word_1_528' title='bbox 663 4429 759 4490; x_wconf 76' lang='lat' dir='ltr'><strong>amaia,</strong></span> <span class='ocrx_word' id='word_1_529' title='bbox 776 4443 841 4495; x_wconf 81' lang='lat' dir='ltr'><strong>puae</strong></span> <span class='ocrx_word' id='word_1_530' title='bbox 858 4431 962 4499; x_wconf 63' lang='lat' dir='ltr'><strong>operire</strong></span> <span class='ocrx_word' id='word_1_531' title='bbox 977 4445 1027 4482; x_wconf 80' lang='lat' dir='ltr'><strong>non</strong></span> <span class='ocrx_word' id='word_1_532' title='bbox 1044 4429 1130 4493; x_wconf 80' lang='lat' dir='ltr'><strong>debeo,</strong></span> <span class='ocrx_word' id='word_1_533' title='bbox 1143 4447 1201 4500; x_wconf 76' lang='lat' dir='ltr'><strong>pac</strong></span> <span class='ocrx_word' id='word_1_534' title='bbox 1216 4432 1252 4480; x_wconf 84' lang='lat' dir='ltr'><strong>eit</strong></span> 
     </span>
    </p>
   </div>
   <div class='ocr_carea' id='block_1_6' title="bbox 0 0 1556 5038">
    <p class='ocr_par' dir='ltr' id='par_1_6' title="bbox 0 0 1556 5038">
     <span class='ocr_line' id='line_1_50' title="bbox 0 0 1556 5038; baseline 0 2"><span class='ocrx_word' id='word_1_535' title='bbox 0 0 1556 5038; x_wconf 95' lang='lat' dir='ltr'><strong> </strong></span> 
     </span>
    </p>
   </div>
  </div>
 </body>
</html>
