3166 5044
1242 349 1277 408 n

108 518 190 572 mode
202 517 323 588 quilibet,
335 513 381 568 sed
393 513 486 582 adam,
500 512 568 583 quod
580 511 728 566 nuendum
739 525 769 564 ac
782 509 962 564 detestandum
969 511 1056 582 magis
1068 515 1121 577 eet,
1132 509 1218 565 clerici
1226 511 1278 584 ipsi

110 621 173 657 cnm
187 601 340 660 mulieribus
355 602 511 672 plerumque
527 600 613 652 levare
629 601 824 651 consueverant.
859 596 930 660 Quae
946 594 1079 666 flagidoea
1093 598 1199 651 licentia
1217 615 1277 652 cum

110 691 138 743 in
154 687 309 744 Christiania
322 687 456 752 omnibus,
476 689 533 738 tum
548 686 576 738 in
592 682 779 755 posterioribus
791 683 848 736 istis
861 681 996 736 Oanonum
1011 684 1148 736 severitate
1165 683 1279 737 coerceri

111 791 179 846 opus
189 774 290 830 habuit
325 773 356 826 In
366 773 445 826 Laud.
458 771 521 824 Gan.
530 787 592 825 xxx.
626 767 685 821 Ὀτι
702 768 730 821 οὖ
748 769 784 820 δεῖ
800 767 932 838 θερατικοὶνς
953 769 971 834 λ
987 767 1117 838 κληρικούς
1140 769 1155 836 ἢ
1172 763 1278 835 &cepada
1303 767 1365 818 uti.

110 858 136 912 dv
148 859 272 930 βαλανείῳ
284 855 345 931 μετὰ
356 859 478 928 γυναικῶν
490 853 666 925 ἀπολούεσθαι,
684 853 747 926 μηδὲ
758 849 838 906 πάντα
855 855 1024 924 Χριστιανθνῆ
1041 853 1135 909 λαϊκόν.
1169 855 1241 909 Idem
1252 859 1279 908 et

109 947 138 1000 iu
155 945 281 1000 nmmo
297 945 406 998 vetitum
417 947 458 997 eat
473 941 536 998 Gan.
554 959 653 995 oxum.
688 939 763 1004 Quod
779 941 896 1010 sequitur
912 937 974 992 κατὰ
990 941 1134 1012 συγκυρίαν,
1154 941 1280 1012 imposuit

111 1031 251 1096 comario,
264 1032 310 1102 qui
321 1029 456 1100 Sycyriam
464 1029 552 1082 locum
563 1043 622 1082 esee
633 1027 747 1082 eredidit
781 1025 848 1080 Nam
858 1025 972 1097 συκυρίαν
982 1033 1059 1080 antea
1066 1028 1214 1100 legebatur,
1225 1043 1280 1082 non

109 1123 201 1172 nmen
213 1117 333 1189 Σοκυρύαν
344 1115 488 1170 maiuscula
500 1114 534 1181 Σ,
546 1120 576 1167 nt
587 1111 693 1184 qnidam
705 1113 805 1168 asserit.

182 1199 341 1272 Δτῖὼνύντῷ
353 1199 421 1272 ἀέρι.)
457 1201 533 1254 Gctn.
547 1201 712 1253 deambulans
722 1204 750 1251 ιἰι
762 1216 830 1253 uere.
855 1198 907 1253 Sed
920 1197 933 1251 ὁ
946 1197 991 1270 ἀὴρ
1003 1199 1089 1254 balnei
1104 1215 1164 1272 pare
1180 1205 1233 1266 eet,
1248 1205 1280 1254 nt

110 1307 146 1344 ex
152 1287 389 1343 GalencadGlann
394 1286 494 1358 pridem
503 1286 669 1340 obseruatum
674 1286 707 1338 ab
714 1285 818 1338 eruditi
831 1284 991 1352 huminibus3
1004 1287 1053 1340 elai
1063 1288 1188 1341 nonsatis
1198 1287 1281 1360 liquet

110 1391 181 1447 quae
190 1391 254 1446 pars
266 1375 312 1427 ina
322 1373 366 1426 sit.
398 1371 453 1426 Noa
464 1371 569 1425 interim
580 1373 668 1424 selsam
679 1369 846 1424 reddidimus.

181 1457 217 1512 Ἢ
230 1457 257 1512 di
269 1457 354 1526 ἑαυτὴν
371 1456 556 1529 ύοφραγύοατο.)
598 1457 646 1511 nic
657 1457 861 1510 illustrissimum
879 1457 1019 1512 Annalium
1036 1459 1197 1514 conditorem
1210 1460 1279 1513 inee-

110 1545 385 1608 ctaturtlasauhonua,
397 1543 666 1614 quodaalntariasslina
675 1541 746 1612 signi
754 1543 847 1595 uirtute
855 1541 1027 1598 Christianam
1036 1547 1171 1599 mulierem
1183 1551 1279 1600 etanta

110 1633 241 1686 castitatis
250 1631 368 1703 periente
377 1629 514 1682 liberatam
526 1627 559 1682 ab
571 1627 715 1698 Epiphanio
725 1628 775 1680 dici
783 1631 863 1698 putet.
898 1627 972 1692 Quod
981 1629 1155 1701 Epiphaniam
1166 1633 1280 1686 voluisse

109 1724 203 1789 negat.
238 1717 290 1772 Sed
306 1731 355 1770 neo
371 1717 453 1770 ullam
468 1713 585 1784 insigne
601 1715 683 1786 crucis
699 1712 732 1766 ad
748 1711 885 1768 efficienda
900 1714 1026 1769 miracula
1041 1719 1174 1788 propriam
1193 1718 1279 1772 inesse

109 1805 249 1869 muntem,
261 1818 347 1872 neque
357 1817 418 1855 vero
431 1801 506 1853 aliter
518 1815 597 1869 quam
609 1805 638 1851 ut
648 1800 719 1869 piam
730 1800 904 1852 ceremoniam
915 1799 1056 1856 adhibitam
1068 1803 1095 1856 in
1112 1805 1221 1858 ecclesia
1236 1821 1280 1858 re-

111 1891 177 1954 teri,
190 1905 258 1960 quae
280 1888 390 1942 crationi
402 1886 523 1940 adiuncta
534 1885 635 1939 animoa
647 1885 762 1938 fidelium
775 1884 808 1938 ad
820 1883 916 1940 Ohristi
931 1903 1034 1941 crucem
1051 1889 1176 1943 eveheret.
1212 1889 1280 1944 Tum
1328 1883 1333 1890 ’

110 1976 151 2029 ita
167 1975 285 2028 subiicit:
323 1974 387 2035 Quia
402 1991 499 2042 negare
517 1971 621 2024 audebit
641 1973 715 2024 uliud
729 1971 776 2024 hoc
792 1990 844 2024 ease
859 1991 934 2042 quum
954 1977 1022 2044 quod
1036 1976 1127 2028 scribit
1142 1967 1280 2040 Beronices,

112 2063 202 2114 dicere
214 2059 389 2130 Epophaac'um
399 2061 469 2128 σύρατ’
480 2061 565 2110 cauda
575 2061 668 2110 oo'ctute
678 2059 750 2110 illam
760 2059 933 2110 mulierculam
941 2061 1020 2122 [υίοεε
1026 2063 1142 2130 periculo
1152 2063 1281 2132 ereptum!

111 2145 185 2200 Haec
195 2147 248 2199 iile.
282 2145 334 2200 Sed
346 2159 425 2216 quam
437 2145 528 2214 iniqua
539 2144 587 2212 sit,
604 2147 634 2196 ut
644 2144 671 2196 in
683 2143 813 2213 plerisque
825 2143 895 2208 aliis,
912 2143 1063 2199 casauboni
1078 2147 1124 2200 illa
1135 2147 1281 2218 castigatio,

112 2245 247 2303 quamquo
256 2231 400 2285 oscitanter
410 2230 478 2284 hanc
494 2227 631 2300 Epiphanii
642 2227 778 2281 historiam
794 2229 898 2298 legerit,
913 2246 947 2282 ex
959 2247 989 2284 eo
1006 2233 1070 2285 satis
1085 2239 1193 2304 apparet
1213 2233 1282 2304 quod

113 2318 194 2372 Num.
202 2335 258 2371 vm.
269 2314 550 2387 scripsitlipiphanius:
563 2311 596 2374 ὡς
609 2308 651 2365 οὖν
664 2313 814 2384 κατίσχυσαν
827 2311 849 2365 ci
860 2315 955 2384 γόητες.
980 2314 1020 2369 διὰ
1031 2315 1079 2389 γὰρ
1092 2321 1132 2386 τῆς
1146 2319 1282 2391 σφραγῖδος

111 2407 160 2456 τοῦ
171 2403 277 2473 Χριστού
289 2401 329 2454 καλ
341 2401 445 2461 πίστεως
456 2398 576 2469 θβοηθηθγ
588 2397 603 2466 ἡ
616 2399 685 2470 puni.
696 2399 760 2453 Mox
773 2403 846 2451 τοῦτο
858 2399 938 2470 τρίτον
950 2406 987 2472 τῷ
993 2400 1109 2476 Ἰωσήπῳ
1122 2407 1281 2477 κατηχήσεως

113 2487 190 2562 ἔργον
201 2487 306 2558 ἐγίνετο,
319 2485 356 2539 δτι
369 2486 414 2538 oda
423 2483 537 2556 Ιθσχυσεν,
551 2482 607 2536 ἔνθα
623 2479 702 2555 ὄνομα
714 2485 819 2555 Χριστοῦ
831 2485 870 2537 καλ
883 2489 986 2560 σφραγὶς
999 2493 1117 2560 σταυροῦ,
1132 2492 1282 2563 φαρμακείας

113 2577 224 2645 δύναμις.
260 2571 326 2638 Quid
338 2565 578 2642 ahudilpiphaniae
590 2577 678 2626 namet
687 2587 764 2642 quam
776 2571 861 2624 crucia
871 2575 1009 2644 praecipue
1021 2577 1126 2646 signum
1141 2581 1166 2628 et
1178 2577 1282 2630 invoca-

112 2663 214 2715 tionem
226 2657 448 2714 nominiellhn'sti
458 2657 561 2710 mulieri
571 2657 729 2728 praesidium
749 2659 885 2711 attulisse?
920 2659 1023 2712 Infinita
1038 2669 1099 2714 aunt
1115 2662 1283 2732 antiquorum

112 2747 163 2802 ΡΡ.
174 2745 337 2810 aemonia,
350 2743 445 2814 quibua
453 2743 517 2796 iilud
529 2743 599 2814 qnod
610 2743 781 2796 Oaaaubonue
790 2749 871 2812 negat
882 2743 1004 2798 efficitur:
1020 2751 1134 2819 veterem
1146 2748 1283 2802 ecclesiam

112 2833 168 2886 vim
181 2829 313 2902 quandam
325 2831 435 2884 satutari
446 2830 529 2882 crucis
543 2829 619 2898 signe
631 2829 761 2884 tribuisse.
797 2829 905 2881 Caetera
921 2835 950 2882 ut
966 2831 1096 2896 omittam,
1114 2849 1182 2886 unus
1199 2835 1281 2888 emni-

113 2933 159 2971 nm
170 2919 256 2971 instar
265 2918 315 2970 erit
324 2915 480 2970 Nazianzeni
491 2916 564 2968 leons
577 2929 610 2966 ex
623 2913 693 2966 Orat.
706 2931 745 2968 nr.
757 2919 827 2967 cont.
838 2913 975 2970 Iulianum.
1003 2913 1053 2970 Ubi
1064 2917 1191 2988 perfidum
1207 2919 1282 2974 illum

113 3003 282 3073 transfugam
293 3007 383 3056 namot
407 3017 510 3054 summo
527 3017 574 3053 suo
592 3001 618 3052 tn
636 3007 707 3052 metu
725 3015 755 3053 ac
772 2997 919 3054 discrimine
931 3001 964 3053 ad
980 3003 1064 3055 crucis
1082 3004 1230 3075 confugisse
1248 3007 1282 3059 si·

113 3105 200 3161 gnum
218 3081 302 3162 eoque
314 3088 453 3142 daemones
465 3087 584 3156 fugasse:
607 3082 646 3135 dai
663 3084 706 3135 τὸν
723 3085 826 3157 σταυρθν
844 3087 989 3158 καταφεύγει
998 3095 1001 3098 “
1010 3085 1049 3139 καλ
1061 3089 1091 3159 ab
1103 3089 1207 3142 aciabu
1221 3089 1282 3162 pdp·

114 3193 209 3246 μακον,
223 3174 265 3226 καὶ
275 3174 358 3243 τούτῳ
371 3177 512 3244 σημειοῦται
523 3166 586 3221 κατὰ
598 3171 647 3221 τῶν
666 3169 762 3240 φόβων,
779 3172 819 3222 καλ
837 3171 926 3240 βοηθθν
944 3175 1047 3224 ποιεῖται
1064 3173 1106 3225 τὀν
1124 3176 1281 3246 διωκόμενον,

113 3261 154 3312 καλ
165 3258 199 3312 τὰ
210 3253 265 3324 ἑξῆς
278 3259 469 3330 φρικωδύοτερα,
485 3255 586 3326 ἴσχυσεν
597 3253 613 3322 ἢ
626 3255 736 3328 σφραγὶς·
749 3255 869 3323 ἡττῶνται
879 3255 901 3308 cl
913 3257 1036 3330 δαίμονες,
1050 3259 1148 3312 λύονται
1161 3259 1183 3312 οἱ
1201 3254 1281 3331 φόβοι.
1342 3281 1344 3284 ·

113 3346 167 3400 Nea
175 3343 298 3400 absimile
310 3361 340 3397 ec
358 3345 427 3414 qnod
436 3345 467 3396 de
479 3343 677 3396 sanctulustina
686 3341 814 3413 proditum
825 3349 876 3408 est,
898 3361 964 3414 qnae
977 3361 1036 3398 cum
1045 3361 1060 3397 a
1068 3347 1160 3400 iuvene
1170 3349 1284 3417 quodam

113 3433 146 3485 ad
154 3431 293 3485 libidinem
299 3429 422 3500 Cypriani
430 3431 504 3500 magi
516 3429 615 3482 artibus
627 3427 800 3498 pelliceretur,
813 3424 959 3484 immisaum
970 3431 1020 3483 sibi
1029 3431 1182 3486 daemonem
1192 3434 1283 3488 eodem

114 3519 200 3571 cruda
217 3517 297 3585 signo
312 3515 419 3586 repulit3
432 3503 511 3584 ¹quod
527 3533 560 3568 ex
577 3515 706 3568 Eudociaa
724 3515 857 3584 Augustae
875 3513 944 3570 Orat
962 3515 993 3569 de
1013 3517 1041 3570 S.
1059 3517 1188 3588 Cypriane
1205 3520 1284 3575 refert

114 3602 224 3656 Plautina
246 3599 278 3656 N.
297 3615 493 3654 econamum·
513 3601 569 3661 τούς
586 3617 611 3652 τε
632 3598 782 3668 βιαιοτάτους
810 3601 850 3652 καὶ
876 3599 1067 3672 χαλεπωτάτους
1089 3607 1138 3656 τῶν
1159 3607 1282 3677 δαιμόνων

113 3689 213 3760 πέμψας
226 3684 267 3738 iai
278 3683 321 3753 che
334 3685 452 3756 παρθένον
460 3687 523 3756 ,καλ
534 3685 705 3756 ᾐσχυμμένους
718 3686 757 3737 καθ
769 3685 933 3756 νενικημένους
945 3689 989 3738 τοῦ
1001 3693 1108 3758 σταυροῦ
1124 3695 1160 3760 τῷ
1176 3691 1246 3760 τύπῳ
1258 3689 1283 3751 ἐξ

115 3773 198 3825 αὐτῶν
210 3769 308 3824 ἐκείνων
318 3770 457 3842 ἁναμαθών.
475 3771 558 3842 Igitur
566 3776 611 3824 τοῦ
621 3777 726 3842 σταυροῦ
736 3776 773 3842 τῷ
782 3771 853 3842 τύπῳ
865 3771 969 3842 perinde
981 3773 1163 3838 multamilia,
1175 3775 1283 3842 Iustina,

114 3859 273 3912 daemonem
284 3857 394 3927 fugarit.
416 3855 505 3927 Neque
518 3857 601 3910 crucis
613 3857 741 3910 duntaxat
753 3871 876 3926 expressa
886 3857 983 3928 figura,
996 3859 1042 3911 sed
1054 3859 1132 3913 etiam
1145 3861 1174 3914 B.
1184 3861 1282 3914 Mariae

115 3945 227 4016 virginis
238 3942 410 4006 invocatione,
422 3949 452 3996 ut
464 3943 641 3996 Nazianzenus
649 3943 799 3996 Oratxurrr.
813 3944 937 4014 scriptum
948 3944 1064 4014 reliquit:
1084 3945 1128 3996 tta
1140 3943 1182 4011 τὴν
1195 3946 1283 4018 aupit-

114 4048 156 4082 νον
168 4027 269 4102 Μαρίαν
285 4025 426 4080 ἱκετεύουσα
443 4028 561 4097 βοηθῆσαι
578 4028 691 4099 παρθένῳ
709 4027 883 4098 κινδιύευούσῃι
920 4029 954 4082 Et
971 4035 1093 4098 virginem
1109 4030 1226 4086 Mariana
1241 4053 1282 4087 ro-

114 4135 194 4184 ςαινο,
217 4123 249 4166 eet
255 4117 419 4184 periclitanti
428 4117 525 4183 hirpini
535 4133 604 4184 opem
610 4119 702 4182 ferret.
737 4111 808 4177 Quae
824 4115 890 4168 tanti
905 4114 989 4167 Patria
1002 4115 1127 4170 autoritas
1142 4115 1281 4176 hodiernae

116 4209 202 4256 sectae
213 4200 373 4272 inperitiam
384 4201 595 4271 impietatemque
608 4197 771 4253 condemnat.

180 4287 215 4341 N.
228 4303 267 4341 rx.
280 4284 443 4356 Ὗποληρθιθς
455 4285 481 4337 δὲ
500 4284 631 4355 τελευτᾷν.)
665 4285 749 4337 Antea
770 4285 908 4355 legebatur
926 4285 1084 4358 ὑπολειφθείς.
1119 4288 1202 4344 Vertit
1213 4293 1282 4346 onim

115 4373 192 4430 Cam.
205 4372 359 4443 relictaeque
372 4374 436 4425 uelut
447 4377 590 4424 meriturus.
624 4369 678 4424 Nos
695 4387 729 4423 ex
745 4369 832 4440 Regio·
845 4373 931 4425 codice
950 4371 1095 4443 ύτοληφθεύς
1111 4377 1280 4434 restituimus.

117 4459 191 4522 Quod
207 4465 236 4512 et
253 4458 410 4512 narrationis
424 4458 504 4511 serica
521 4457 642 4528 postulat
677 4455 767 4528 Neque
784 4458 853 4510 enim
870 4459 1052 4513 moribundum
1067 4459 1222 4516 Iudaeorum
1239 4480 1281 4518 ec·

119 4545 191 4614 gnati
201 4545 382 4610 deseruerant,
395 4559 460 4614 quos
468 4545 608 4613 mysticum
617 4541 681 4595 illud
689 4543 851 4596 insuaurasae
860 4530 928 4596 dicit.
946 4544 992 4597 Hic
1001 4543 1173 4616 Epiphaniam
1183 4549 1281 4602 otiosus
1306 4563 1368 4618 μετ.

121 4631 225 4701 quidam
237 4635 351 4701 nugator
361 4630 458 4685 nimiae
470 4629 628 4685 credulitatis
640 4634 757 4694 accusat,
774 4629 844 4698 qnod
854 4629 922 4682 ialaa
932 4629 1021 4686 Iudaei
1032 4633 1109 4688 nnius
1121 4639 1167 4688 aut
1175 4633 1281 4693 siurim

1035 4735 1077 4790 D·
