3104 5038
83 515 178 570 trouu
190 515 312 572 Decerne
323 523 412 572 nomer
423 517 456 571 ed
468 515 647 588 chrysostomi
658 517 729 574 Oret.
743 534 770 572 ιι.
787 517 814 572 in
830 517 938 572 Iudaees
954 517 1095 573 adnotavit.
1121 516 1247 572 lionnun·

83 617 163 672 quern
175 609 277 670 tamen,
289 609 319 658 nt
331 603 400 674 apud
411 603 579 672 Dionysium,
594 603 745 674 preeeertim
757 603 823 658 libro
835 603 866 658 de
878 603 977 658 Ilcclee
989 601 1119 658 literuncb.
1132 619 1187 675 cop
1198 621 1247 667 ιιι,

82 703 129 758 pro
140 688 200 759 ipse
212 691 396 743 communione
407 690 448 742 rel
461 689 557 742 misses
573 689 700 744 mollicie
717 689 837 744 sumitur.
864 689 931 744 Nem
948 689 985 743 ibi
1002 705 1122 743 cuonem
1139 691 1249 761 inquirit

82 789 127 826 cnr
136 771 264 834 κοινωνίας
273 780 301 827 et
309 772 427 836 σσνᾶξνως
439 775 579 845 appellatio
590 775 676 828 diriuo
688 775 726 828 lili
737 776 974 846 ungmtissimoque
985 781 1155 841 sacramento,
1168 791 1247 846 quem

82 857 180 925 oleris
193 858 297 912 τιλστῶν
309 860 439 924 nominet,
451 861 590 932 proecipue
600 859 735 925 tribuatur,
753 877 812 914 cnm
824 865 984 915 coeterorum
995 875 1028 914 ee
1039 875 1143 932 quoque
1153 861 1194 914 rie
1204 861 1246 924 rit,

83 949 111 995 ut
123 941 238 1013 μεριστὶς
250 944 322 1016 ἡμῶν
333 944 398 1006 ζωὰς
410 943 442 1006 εἰς
453 943 544 1012 lucendi
558 943 644 997 diocte
656 943 775 1016 συνάγειν,
787 943 837 999 boc
848 952 888 999 est
900 947 1048 1000 consociere
1059 945 1168 1017 possint
1185 945 1247 1000 Pro·

81 1029 137 1100 prio
149 1034 250 1095 umen,
268 1037 298 1084 nt
313 1047 362 1084 noe
380 1029 507 1094 diximus,
526 1029 620 1092 σι’νσξις
638 1037 794 1085 conventum
811 1045 915 1086 sacrum
931 1031 1083 1086 etdiriunm
1095 1030 1165 1102 qnod
1176 1031 1203 1084 in
1214 1045 1246 1084 eo

81 1115 218 1185 peragitur
229 1113 345 1171 officinm
357 1121 440 1169 sonet
467 1115 512 1169 Sic
524 1115 684 1186 Epiphenins
696 1117 723 1172 in
734 1115 840 1172 Iieeree.
854 1133 934 1182 ωσι,
946 1131 1013 1188 ques
1025 1123 1065 1170 set
1074 1115 1247 1170 Amomenits·

80 1215 153 1265 ram,
170 1199 203 1252 de
213 1200 274 1254 Ario
286 1201 446 1271 ceeterieqne
457 1201 615 1271 presbyteris
626 1217 674 1272 per
684 1202 797 1255 nrbenee
809 1201 934 1256 ecclesiee
944 1202 1114 1256 Alexendriee
1126 1199 1246 1254 distribu-

80 1285 127 1338 tls:
145 1281 272 1346 Ἕκαστος
288 1285 315 1338 di
330 1286 424 1338 cedrus
442 1284 518 1353 δῆλον
534 1285 597 1338 κατὰ
613 1285 657 1352 τὴν
671 1285 804 1358 ιῐθισμίνην
817 1285 912 1348 edotio
923 1287 968 1340 r'ov
978 1286 1050 1357 αὐτῷ
1060 1285 1246 1356 πεπιιτωμῦνον

81 1369 144 1421 lobs
156 1368 280 1423 διδάσκων
292 1369 316 1423 ἐν
328 1373 381 1432 ταῖς
393 1369 519 1441 ἐξηγήσει
531 1377 579 1424 etc.
605 1371 679 1425 lianc
696 1371 782 1428 Latini
799 1375 928 1426 collectam
943 1373 984 1426 rel
1001 1377 1113 1437 misaam,
1130 1377 1161 1426 ut
1177 1372 1246 1425 idem

80 1453 179 1509 Fronto
197 1462 285 1510 meter
303 1457 436 1522 observat,
453 1457 584 1528 appellere
601 1463 798 1512 consueverunt
824 1459 858 1511 tt
874 1457 1046 1512 Gaseobonne
1062 1457 1174 1513 lixercit.
1191 1475 1246 1512 ιιι.
1272 1479 1293 1518 ιν.
1303 1467 1346 1511 teo.

81 1557 153 1594 nom
167 1559 231 1596 ιιιι.
245 1542 307 1596 dnm
318 1541 470 1596 Perieiensie
482 1541 604 1595 editionis
615 1549 691 1596 notes
702 1543 728 1595 in
740 1541 954 1612 chrysostomum
965 1543 1105 1614 rcdsrgnit,
1117 1542 1246 1612 cestigan·

81 1627 130 1678 due
143 1628 238 1698 etipse
249 1629 327 1682 venit.
351 1627 418 1681 Nam
430 1629 554 1698 pierequo
565 1629 704 1680 oscitanter
716 1629 811 1698 attigit.
829 1627 958 1700 Imprimis
971 1627 1173 1697 chrysostomus
1183 1625 1246 1680 iide-

80 1713 119 1765 lee
131 1710 285 1777 edhortens,
304 1718 333 1766 ut
348 1729 395 1784 pro
412 1729 440 1766 se
453 1713 563 1783 quisque
575 1713 709 1783 captendie
721 1729 752 1767 ec
763 1713 955 1767 lucriieciendie
966 1713 1093 1784 proximis
1103 1712 1246 1776 incumbat,

81 1795 122 1850 hia
131 1797 219 1851 verbis
230 1799 382 1868 alloquitur:
396 1797 427 1850 Ti
438 1798 502 1868 μέγα
514 1795 576 1849 αἰτῶ
587 1795 646 1868 παρ’
658 1796 735 1867 ὑμῶν,
748 1797 884 1868 ἀγαπητῶς
897 1797 997 1858 Ιιαστος
1009 1797 1079 1867 ὑμῶν
1090 1797 1131 1849 ἵνα
1143 1813 1185 1868 pot
1195 1798 1246 1848 τῶν

81 1881 196 1952 ἆὸιλφῶν
209 1881 372 1953 mouere,
385 1881 594 1954 reprcppeododes,
607 1881 898 1954 πολυπραγμσνησάσθω,
913 1883 955 1934 ἵνα
966 1879 997 1943 ele
1009 1881 1051 1950 τὴν
1063 1879 1177 1934 ἐπιοῦσαν
1189 1879 1245 1933 odr-

82 1967 132 2030 ιξιν
150 1966 213 2038 perd
228 1967 324 2035 πολλῆς
340 1966 475 2040 capidociae
492 1963 678 2038 ἄπανιήσωμεν,
695 1969 765 2039 δῶρα
782 1973 819 2040 τῷ
835 1969 884 2039 θεῷ
899 1967 1050 2040 κομίζοντες,
1067 1968 1137 2037 dd'spu
1147 1965 1245 2019 πάντων

81 2052 214 2124 τιμιώιιρι
226 2049 268 2113 τὰς
280 2053 360 2125 ψυχὰς
372 2055 421 2105 τῶν
433 2051 624 2124 πεπλανημένων
637 2052 840 2124 ἰπαναγαγόντες.
866 2053 914 2108 ilie
925 2053 1049 2108 Erasmus
1059 2054 1140 2106 verbe
1154 2051 1199 2106 illa
1213 2050 1245 2114 εἰς

81 2137 124 2205 τὴν
136 2135 253 2190 &todeca
265 2137 536 2199 continerentur
548 2143 664 2193 oratioe
677 2145 852 2193 communione.
873 2139 946 2204 Quod
958 2140 1050 2192 merito
1061 2136 1245 2209 reprehensum

80 2240 97 2276 a
110 2223 243 2277 Frontone
257 2229 359 2290 noetm,
376 2241 474 2295 proque
486 2229 664 2278 conmunionis
673 2226 800 2279 vocabulo
812 2227 955 2280 eubetitute
964 2241 1018 2278 vox
1030 2225 1158 2279 collocem.
1188 2223 1246 2276 Dis-

80 2308 249 2380 ph'cuitheec
259 2309 406 2364 emendetio
418 2309 585 2376 Cesenbono,
603 2311 648 2382 qui
663 2327 722 2364 cum
734 2311 842 2365 lireemo
855 2309 950 2372 σύνσξιν
965 2311 1019 2364 illic
1035 2309 1244 2363 communionem

80 2411 138 2448 esse
150 2393 277 2460 defendit,
294 2411 325 2449 eo
342 2395 424 2450 hene
441 2401 596 2466 argumento
614 2397 683 2468 quod
699 2397 826 2450 donorum
843 2397 951 2462 ablutio,
969 2396 1001 2449 de
1018 2395 1113 2466 quibus
1130 2395 1245 2466 loquitor

81 2479 296 2550 Chryeoetomne,
313 2481 495 2536 euchedetiem
506 2481 633 2552 designet
650 2482 702 2536 Sed
714 2483 781 2536 mire
792 2489 832 2537 est
843 2483 924 2537 critici
934 2481 1005 2536 illins
1017 2478 1151 2548 ἀπρσςιξίσ.
1177 2479 1244 2534 Nem

81 2567 151 2636 δῶρα
161 2565 215 2620 iste
224 2583 278 2620 non
290 2573 352 2620 emit
362 2567 437 2638 panis
450 2573 475 2620 et
486 2568 589 2633 vinnm,
606 2583 672 2638 qnae
683 2567 716 2620 ed
728 2567 910 2621 encheristiom
921 2566 1083 2629 adhibentur,
1094 2571 1139 2619 eut
1150 2565 1244 2618 enche-

80 2653 155 2706 rietia
171 2652 243 2722 ipee,
260 2651 306 2706 eod
323 2653 447 2706 nimirum
461 2652 570 2706 iratrum
582 2659 609 2705 et
620 2652 823 2706 Christianorum
835 2653 950 2716 enimse,
967 2653 1063 2722 quibus
1080 2650 1113 2704 ed
1129 2651 1243 2720 aynexin

80 2735 241 2790 adducendie
252 2743 280 2790 et
290 2737 474 2791 conservandis
486 2743 515 2792 ut
525 2737 647 2792 etodeeut
657 2737 787 2792 auditores
798 2753 860 2791 suos
873 2738 1036 2790 edmonebat.

147 2821 287 2876 Proximus
299 2829 338 2876 eet
349 2821 488 2893 Epipheuii
499 2823 542 2876 ille
553 2824 609 2893 ipse
620 2822 694 2878 locus
705 2839 783 2893 quem
793 2838 857 2892 pree
868 2823 990 2876 menibus
1000 2821 1139 2884 hebemus,
1151 2820 1179 2874 in
1191 2835 1242 2890 quo

80 2924 196 2977 synaxes
207 2909 244 2961 rit
255 2925 289 2962 ex
301 2909 445 2979 epoetolice
456 2908 592 2964 traditione
603 2909 630 2960 in
641 2907 733 2961 ioriem
745 2913 865 2978 quartem
877 2914 903 2962 et
913 2923 1079 2979 parascevem
1091 2921 1122 2960 ec
1133 2905 1243 2959 domini-

79 3009 136 3048 cam
149 2993 271 3048 incidere.
288 2993 341 3046 Hic
346 3003 429 3064 potest
438 2994 552 3046 dubitari
559 2991 719 3062 (Oeeeoboni
730 2991 809 3046 rerbe
820 2995 893 3062 eunt)
905 3011 939 3046 oo
950 2996 1100 3064 simpliciter·
1111 3001 1243 3044 conuenere

78 3084 152 3132 ωσιν·
162 3081 347 3148 intelliqoetur,
359 3081 397 3132 od
406 3079 507 3132 uerbum
519 3079 671 3131 audiendum
683 3081 852 3144 sternendum,
866 3097 900 3131 oo
912 3083 988 3132 etium
1000 3081 1031 3132 dc
1043 3095 1136 3132 corone
1148 3079 1244 3130 domim

79 3166 251 3218 cdcdradm
261 3167 368 3218 senserit
379 3163 550 3235 Epiphanius.
576 3163 654 3218 Ratio
667 3165 802 3218 dubitandi
817 3169 899 3218 oritur
911 3183 941 3218 ee
956 3165 1127 3218 odacroots'oec
1139 3165 1244 3216 dicem

79 3259 189 3303 retenta
202 3252 375 3303 tectoriorum.
401 3249 484 3314 Nora,
496 3259 524 3301 ut
535 3257 642 3303 teetotur
652 3249 783 3314 Socratea,
791 3251 930 3320 pleraeque
942 3267 1024 3302 emeca
1036 3250 1105 3302 ordre
1115 3259 1243 3302 terrorem

79 3337 222 3400 eccleciae,
234 3335 310 3388 othir
322 3336 420 3400 diebus,
437 3345 462 3387 ct
471 3336 586 3388 satians
597 3339 673 3388 ctione
685 3337 722 3388 od
731 3353 840 3404 moces
851 3336 1040 3398 conveniebant,
1055 3339 1083 3386 in
1093 3335 1182 3406 quidue
1191 3353 1242 3402 rey-

78 3425 159 3474 etecia
172 3421 375 3474 celebrabantur.
401 3421 470 3473 lleec
485 3421 538 3476 ille.
564 3420 616 3474 Sed
633 3419 702 3492 quod
714 3420 847 3474 Socretem
859 3421 989 3475 eiiirmere
1000 3421 1063 3474 dicit
1072 3421 1101 3474 iu
1112 3421 1242 3491 plerisque

78 3507 203 3560 omnibus
214 3511 340 3559 terrarum
353 3505 422 3560 orbis
434 3505 551 3559 ecclesiis
563 3523 678 3576 synaxes
690 3511 717 3559 et
727 3507 852 3576 mysterio
862 3507 927 3560 ieris
938 3513 1042 3577 querte,
1058 3511 1134 3559 sexte
1148 3511 1174 3558 et
1184 3505 1242 3558 eeb-

78 3593 141 3646 bato
158 3591 295 3656 celebrari,
310 3591 481 3646 ialeissimnm
495 3597 543 3647 est.
570 3591 609 3645 De
620 3592 737 3646 eebbatie
748 3593 774 3646 id
785 3591 888 3662 quidem
900 3599 957 3646 toto
970 3593 1031 3646 orbe
1041 3591 1242 3644 usitatissimum

77 3693 146 3743 use,
163 3675 344 3731 eiRomeuem
355 3677 490 3730 cccleeiem
502 3682 528 3730 et
538 3677 741 3731 Alertndrinem
756 3679 901 3748 exceperis,
919 3677 994 3730 docet
1008 3677 1074 3730 libro
1090 3677 1147 3742 iilo,
1164 3693 1242 3746 quem

77 3763 252 3816 Ceseubonus
264 3764 327 3816 diet
338 3761 460 3816 hletoriee
470 3779 494 3817 r.
508 3777 564 3832 cep.
574 3779 628 3817 ιιι.
646 3763 720 3828 Quod
731 3769 818 3816 autem
829 3763 895 3817 teria
906 3769 998 3834 querta
1009 3767 1116 3816 sonim
1127 3777 1241 3832 synaxes

76 3855 105 3902 et
115 3848 243 3917 mysteria
253 3847 382 3902 celebrete
392 3847 496 3913 inerim,
510 3863 640 3918 nusquam
651 3849 770 3920 prodidit
796 3847 864 3912 Quin
875 3849 962 3918 potins
974 3847 1005 3900 de
1017 3848 1080 3901 eolis
1090 3845 1241 3902 Alexandri·

76 3935 119 3986 nie
131 3934 159 3987 id
170 3933 258 3998 reteri,
270 3934 358 3987 omnia
369 3931 438 4004 apud
450 3934 521 3999 illos,
533 3950 601 4004 quee
611 3934 639 3987 in
651 3935 797 4004 eynoxibne
809 3934 865 4002 geri
881 3949 937 3986 mos
950 3939 998 3997 est,
1009 3938 1108 4003 praeter
1117 3931 1241 4000 mysteria

76 4035 109 4072 ac
120 4017 263 4083 secrificie,
274 4017 353 4071 biduo
365 4019 409 4072 illo
421 4017 519 4089 perlici.
536 4018 621 4082 Quare
632 4035 717 4088 neque
729 4035 762 4072 ex
771 4017 916 4090 Epiphanio
926 4033 1009 4088 neque
1021 4033 1053 4070 ex
1063 4015 1167 4069 Socrate
1179 4031 1240 4068 cou-

74 4105 122 4158 fici
134 4107 232 4175 potest,
247 4102 314 4156 teris
331 4109 423 4172 quarte
439 4109 466 4156 et
476 4119 615 4174 pereecere
627 4103 787 4158 Christianos
798 4105 986 4174 angustissime
995 4101 1040 4154 ille
1051 4101 1173 4154 dominici
1184 4115 1240 4154 cor-

74 4189 149 4260 poris
166 4203 244 4242 secra
260 4187 412 4242 celebreese.
445 4188 520 4253 Quod
538 4195 624 4244 utrum
640 4189 744 4242 eliuude
756 4189 845 4258 colligi
859 4189 954 4259 possit,
971 4191 1110 4256 antequem
1128 4186 1240 4256 disputo,

73 4275 151 4346 prins
163 4289 236 4328 error
246 4273 290 4328 iile
301 4273 470 4343 castigandos
482 4281 533 4340 eet,
545 4289 623 4345 quem
634 4291 687 4328 non
699 4275 783 4328 solnm
796 4273 978 4338 Gesaubonns,
991 4271 1035 4325 sed
1048 4277 1074 4324 et
1085 4271 1130 4324 elii
1140 4271 1241 4342 pridem

73 4361 115 4430 pii
133 4367 161 4413 et
177 4359 270 4412 eruditi
286 4358 406 4414 hominen
419 4359 554 4414 imbibisse
571 4360 698 4422 ridentur,
715 4361 747 4416 in
759 4359 880 4414 omnibns
897 4357 1041 4427 eynexihue
1057 4357 1240 4426 mysteriorum

72 4445 281 4499 celebrationem
292 4459 323 4497 ao
333 4445 557 4514 perticipationem
568 4446 653 4499 looom
665 4445 795 4499 habuisse.
822 4443 895 4508 Quod
910 4459 984 4498 secus
995 4459 1024 4496 ee
1035 4443 1120 4496 habet
1145 4441 1212 4496 Nem
1223 4459 1241 4496 ι

72 4532 264 4600 mysteriorum
281 4529 453 4582 celebratione
470 4545 500 4582 eo
518 4531 700 4584 communione
717 4529 824 4599 epnexis
841 4529 947 4600 perinde
963 4527 1061 4594 differt,
1077 4533 1107 4582 ut
1123 4543 1207 4598 geone
1224 4545 1241 4582 a

71 4617 177 4683 ίωιιιιι
191 4621 329 4687 proptereat
343 4615 412 4688 quod
424 4631 478 4671 non
490 4615 610 4671 omnibus
621 4616 650 4672 in
659 4615 806 4692 eynamboe
817 4613 976 4672 donincum
987 4630 1081 4691 corpus
1092 4619 1139 4670 ant
1149 4613 1239 4672 otiore-
