<?xml version="1.0" encoding="UTF-8"?>
<!DOCTYPE html PUBLIC "-//W3C//DTD XHTML 1.0 Transitional//EN"
    "http://www.w3.org/TR/xhtml1/DTD/xhtml1-transitional.dtd">
<html xmlns="http://www.w3.org/1999/xhtml" xml:lang="en" lang="en">
 <head>
  <title>
</title>
<meta http-equiv="Content-Type" content="text/html;charset=utf-8" />
  <meta name='ocr-system' content='tesseract 3.04.00' />
  <meta name='ocr-capabilities' content='ocr_page ocr_carea ocr_par ocr_line ocrx_word'/>
</head>
<body>
  <div class='ocr_page' id='page_1' title='image "./corporishaerese05oehlgoog_0103.png"; bbox 0 0 3138 5044; ppageno 0'>
   <div class='ocr_carea' id='block_1_1' title="bbox 319 282 367 340">
    <p class='ocr_par' dir='ltr' id='par_1_1' title="bbox 319 282 367 340">
     <span class='ocr_line' id='line_1_1' title="bbox 319 282 367 340; baseline 0 0"><span class='ocrx_word' id='word_1_1' title='bbox 319 282 367 340; x_wconf 73' lang='lat' dir='ltr'>XO</span> 
     </span>
    </p>
   </div>
   <div class='ocr_carea' id='block_1_2' title="bbox 317 440 1478 770">
    <p class='ocr_par' dir='ltr' id='par_1_2' title="bbox 317 440 1478 770">
     <span class='ocr_line' id='line_1_2' title="bbox 318 440 1477 510; baseline 0.008 -18"><span class='ocrx_word' id='word_1_2' title='bbox 318 443 393 509; x_wconf 86' lang='lat' dir='ltr'>putet</span> <span class='ocrx_word' id='word_1_3' title='bbox 408 440 454 509; x_wconf 89' lang='lat' dir='ltr'>qui</span> <span class='ocrx_word' id='word_1_4' title='bbox 469 455 538 494; x_wconf 88' lang='lat' dir='ltr'>auae</span> <span class='ocrx_word' id='word_1_5' title='bbox 555 441 693 510; x_wconf 71' lang='lat' dir='ltr'>superiori,</span> <span class='ocrx_word' id='word_1_6' title='bbox 709 441 759 496; x_wconf 90' lang='lat' dir='ltr'>boc</span> <span class='ocrx_word' id='word_1_7' title='bbox 775 447 816 496; x_wconf 91' lang='lat' dir='ltr'>est</span> <span class='ocrx_word' id='word_1_8' title='bbox 831 441 941 496; x_wconf 88' lang='lat' dir='ltr'>Lentulo</span> <span class='ocrx_word' id='word_1_9' title='bbox 958 447 985 496; x_wconf 92' lang='lat' dir='ltr'>et</span> <span class='ocrx_word' id='word_1_10' title='bbox 1000 443 1141 498; x_wconf 72' lang='lat' dir='ltr'>liuselino</span> <span class='ocrx_word' id='word_1_11' title='bbox 1157 459 1224 499; x_wconf 89' lang='lat' dir='ltr'>coss.</span> <span class='ocrx_word' id='word_1_12' title='bbox 1241 449 1332 498; x_wconf 75' lang='lat' dir='ltr'>numm</span> <span class='ocrx_word' id='word_1_13' title='bbox 1344 443 1477 501; x_wconf 78' lang='lat' dir='ltr'>Christum</span> 
     </span>
     <span class='ocr_line' id='line_1_3' title="bbox 318 525 1478 598; baseline 0.007 -20"><span class='ocrx_word' id='word_1_14' title='bbox 318 525 482 589; x_wconf 85' lang='lat' dir='ltr'>existiment,</span> <span class='ocrx_word' id='word_1_15' title='bbox 498 541 578 596; x_wconf 88' lang='lat' dir='ltr'>quam</span> <span class='ocrx_word' id='word_1_16' title='bbox 589 541 680 580; x_wconf 89' lang='lat' dir='ltr'>eorum</span> <span class='ocrx_word' id='word_1_17' title='bbox 691 529 736 598; x_wconf 88' lang='lat' dir='ltr'>qui</span> <span class='ocrx_word' id='word_1_18' title='bbox 745 529 779 584; x_wconf 89' lang='lat' dir='ltr'>iis</span> <span class='ocrx_word' id='word_1_19' title='bbox 790 527 866 598; x_wconf 88' lang='lat' dir='ltr'>ipsis,</span> <span class='ocrx_word' id='word_1_20' title='bbox 883 543 949 598; x_wconf 89' lang='lat' dir='ltr'>quos</span> <span class='ocrx_word' id='word_1_21' title='bbox 961 527 1121 598; x_wconf 79' lang='lat' dir='ltr'>Lpipbauius</span> <span class='ocrx_word' id='word_1_22' title='bbox 1135 529 1265 596; x_wconf 84' lang='lat' dir='ltr'>nominat,</span> <span class='ocrx_word' id='word_1_23' title='bbox 1282 546 1351 584; x_wconf 87' lang='lat' dir='ltr'>coss.</span> <span class='ocrx_word' id='word_1_24' title='bbox 1363 530 1478 586; x_wconf 86' lang='lat' dir='ltr'>natalem</span> 
     </span>
     <span class='ocr_line' id='line_1_4' title="bbox 318 610 1478 682; baseline 0.007 -20"><span class='ocrx_word' id='word_1_25' title='bbox 318 610 482 680; x_wconf 83' lang='lat' dir='ltr'>consignent.</span> <span class='ocrx_word' id='word_1_26' title='bbox 505 610 644 682; x_wconf 89' lang='lat' dir='ltr'>Propterea</span> <span class='ocrx_word' id='word_1_27' title='bbox 660 613 767 682; x_wconf 89' lang='lat' dir='ltr'>quodsi</span> <span class='ocrx_word' id='word_1_28' title='bbox 784 629 948 666; x_wconf 88' lang='lat' dir='ltr'>communem</span> <span class='ocrx_word' id='word_1_29' title='bbox 960 613 991 666; x_wconf 91' lang='lat' dir='ltr'>de</span> <span class='ocrx_word' id='word_1_30' title='bbox 1007 630 1097 668; x_wconf 89' lang='lat' dir='ltr'>mense</span> <span class='ocrx_word' id='word_1_31' title='bbox 1113 614 1207 668; x_wconf 78' lang='lat' dir='ltr'>natalis</span> <span class='ocrx_word' id='word_1_32' title='bbox 1224 631 1255 668; x_wconf 90' lang='lat' dir='ltr'>ac</span> <span class='ocrx_word' id='word_1_33' title='bbox 1266 614 1306 668; x_wconf 88' lang='lat' dir='ltr'>die</span> <span class='ocrx_word' id='word_1_34' title='bbox 1318 617 1478 670; x_wconf 87' lang='lat' dir='ltr'>seutentiam</span> 
     </span>
     <span class='ocr_line' id='line_1_5' title="bbox 317 695 1477 770; baseline 0.008 -23"><span class='ocrx_word' id='word_1_35' title='bbox 317 701 389 752; x_wconf 86' lang='lat' dir='ltr'>esset</span> <span class='ocrx_word' id='word_1_36' title='bbox 403 695 553 765; x_wconf 84' lang='lat' dir='ltr'>amplexus,</span> <span class='ocrx_word' id='word_1_37' title='bbox 575 698 680 752; x_wconf 89' lang='lat' dir='ltr'>omuino</span> <span class='ocrx_word' id='word_1_38' title='bbox 700 699 846 768; x_wconf 74' lang='lat' dir='ltr'>superiores</span> <span class='ocrx_word' id='word_1_39' title='bbox 862 699 921 752; x_wconf 90' lang='lat' dir='ltr'>illos</span> <span class='ocrx_word' id='word_1_40' title='bbox 938 715 1005 754; x_wconf 89' lang='lat' dir='ltr'>eoss.</span> <span class='ocrx_word' id='word_1_41' title='bbox 1022 700 1194 770; x_wconf 81' lang='lat' dir='ltr'>praetulisset</span> <span class='ocrx_word' id='word_1_42' title='bbox 1228 699 1301 754; x_wconf 89' lang='lat' dir='ltr'>Unde</span> <span class='ocrx_word' id='word_1_43' title='bbox 1319 699 1477 764; x_wconf 79' lang='lat' dir='ltr'>Cassiodori,</span> 
     </span>
    </p>
   </div>
   <div class='ocr_carea' id='block_1_3' title="bbox 317 779 1478 1197">
    <p class='ocr_par' dir='ltr' id='par_1_3' title="bbox 317 779 1478 1197">
     <span class='ocr_line' id='line_1_6' title="bbox 319 779 1477 858; baseline 0.006 -25"><span class='ocrx_word' id='word_1_44' title='bbox 319 797 397 852; x_wconf 89' lang='lat' dir='ltr'>quem</span> <span class='ocrx_word' id='word_1_45' title='bbox 411 779 541 836; x_wconf 74' lang='lat' dir='ltr'>Batonius</span> <span class='ocrx_word' id='word_1_46' title='bbox 556 784 681 853; x_wconf 88' lang='lat' dir='ltr'>seqnitur,</span> <span class='ocrx_word' id='word_1_47' title='bbox 695 801 749 838; x_wconf 90' lang='lat' dir='ltr'>uon</span> <span class='ocrx_word' id='word_1_48' title='bbox 761 783 874 849; x_wconf 80' lang='lat' dir='ltr'>Onntrii,</span> <span class='ocrx_word' id='word_1_49' title='bbox 891 784 994 838; x_wconf 89' lang='lat' dir='ltr'>decreto</span> <span class='ocrx_word' id='word_1_50' title='bbox 1009 786 1177 855; x_wconf 87' lang='lat' dir='ltr'>opinionique</span> <span class='ocrx_word' id='word_1_51' title='bbox 1191 783 1330 855; x_wconf 77' lang='lat' dir='ltr'>suffragari</span> <span class='ocrx_word' id='word_1_52' title='bbox 1344 786 1477 858; x_wconf 88' lang='lat' dir='ltr'>putandus</span> 
     </span>
     <span class='ocr_line' id='line_1_7' title="bbox 318 865 1478 936; baseline 0.005 -16"><span class='ocrx_word' id='word_1_53' title='bbox 318 871 365 920; x_wconf 87' lang='lat' dir='ltr'>est.</span> <span class='ocrx_word' id='word_1_54' title='bbox 383 865 458 929; x_wconf 81' lang='lat' dir='ltr'>Quod</span> <span class='ocrx_word' id='word_1_55' title='bbox 468 867 548 936; x_wconf 91' lang='lat' dir='ltr'>igitur</span> <span class='ocrx_word' id='word_1_56' title='bbox 556 867 672 922; x_wconf 82' lang='lat' dir='ltr'>Christus</span> <span class='ocrx_word' id='word_1_57' title='bbox 682 868 791 924; x_wconf 81' lang='lat' dir='ltr'>Lentulo</span> <span class='ocrx_word' id='word_1_58' title='bbox 803 875 830 922; x_wconf 89' lang='lat' dir='ltr'>et</span> <span class='ocrx_word' id='word_1_59' title='bbox 838 869 978 924; x_wconf 80' lang='lat' dir='ltr'>Messalino</span> <span class='ocrx_word' id='word_1_60' title='bbox 990 885 1057 924; x_wconf 87' lang='lat' dir='ltr'>cose.</span> <span class='ocrx_word' id='word_1_61' title='bbox 1069 877 1140 934; x_wconf 83' lang='lat' dir='ltr'>ortus</span> <span class='ocrx_word' id='word_1_62' title='bbox 1151 871 1193 935; x_wconf 87' lang='lat' dir='ltr'>sit,</span> <span class='ocrx_word' id='word_1_63' title='bbox 1205 886 1274 926; x_wconf 84' lang='lat' dir='ltr'>anuo</span> <span class='ocrx_word' id='word_1_64' title='bbox 1283 871 1385 926; x_wconf 86' lang='lat' dir='ltr'>iuliano</span> <span class='ocrx_word' id='word_1_65' title='bbox 1394 889 1478 936; x_wconf 72' lang='lat' dir='ltr'>nnn,</span> 
     </span>
     <span class='ocr_line' id='line_1_8' title="bbox 318 951 1477 1028; baseline 0.003 -22"><span class='ocrx_word' id='word_1_66' title='bbox 318 951 433 1006; x_wconf 83' lang='lat' dir='ltr'>studiose</span> <span class='ocrx_word' id='word_1_67' title='bbox 448 952 636 1008; x_wconf 88' lang='lat' dir='ltr'>demonstratur</span> <span class='ocrx_word' id='word_1_68' title='bbox 650 955 678 1008; x_wconf 90' lang='lat' dir='ltr'>iu</span> <span class='ocrx_word' id='word_1_69' title='bbox 694 955 851 1020; x_wconf 70' lang='lat' dir='ltr'>Annalibus,</span> <span class='ocrx_word' id='word_1_70' title='bbox 866 955 944 1026; x_wconf 89' lang='lat' dir='ltr'>idque</span> <span class='ocrx_word' id='word_1_71' title='bbox 960 956 1031 1010; x_wconf 80' lang='lat' dir='ltr'>velut</span> <span class='ocrx_word' id='word_1_72' title='bbox 1046 955 1208 1010; x_wconf 76' lang='lat' dir='ltr'>fundamenti</span> <span class='ocrx_word' id='word_1_73' title='bbox 1222 956 1281 1011; x_wconf 83' lang='lat' dir='ltr'>lucu</span> <span class='ocrx_word' id='word_1_74' title='bbox 1294 958 1411 1028; x_wconf 89' lang='lat' dir='ltr'>ponitur,</span> <span class='ocrx_word' id='word_1_75' title='bbox 1426 973 1477 1028; x_wconf 87' lang='lat' dir='ltr'>quo</span> 
     </span>
     <span class='ocr_line' id='line_1_9' title="bbox 318 1039 1477 1113; baseline 0.006 -23"><span class='ocrx_word' id='word_1_76' title='bbox 318 1041 440 1102; x_wconf 89' lang='lat' dir='ltr'>nutante,</span> <span class='ocrx_word' id='word_1_77' title='bbox 451 1044 481 1091; x_wconf 91' lang='lat' dir='ltr'>nt</span> <span class='ocrx_word' id='word_1_78' title='bbox 492 1039 564 1094; x_wconf 90' lang='lat' dir='ltr'>aiunt</span> <span class='ocrx_word' id='word_1_79' title='bbox 574 1041 637 1110; x_wconf 89' lang='lat' dir='ltr'>ipsi,</span> <span class='ocrx_word' id='word_1_80' title='bbox 651 1041 784 1094; x_wconf 88' lang='lat' dir='ltr'>annalium</span> <span class='ocrx_word' id='word_1_81' title='bbox 795 1047 947 1094; x_wconf 87' lang='lat' dir='ltr'>contextum</span> <span class='ocrx_word' id='word_1_82' title='bbox 959 1057 1064 1094; x_wconf 89' lang='lat' dir='ltr'>omnem</span> <span class='ocrx_word' id='word_1_83' title='bbox 1074 1057 1149 1094; x_wconf 89' lang='lat' dir='ltr'>ruere</span> <span class='ocrx_word' id='word_1_84' title='bbox 1160 1041 1304 1113; x_wconf 90' lang='lat' dir='ltr'>collabiqne</span> <span class='ocrx_word' id='word_1_85' title='bbox 1315 1043 1351 1096; x_wconf 89' lang='lat' dir='ltr'>sit</span> <span class='ocrx_word' id='word_1_86' title='bbox 1362 1059 1477 1098; x_wconf 69' lang='lat' dir='ltr'>nemas.</span> 
     </span>
     <span class='ocr_line' id='line_1_10' title="bbox 317 1121 1477 1197; baseline 0.003 -21"><span class='ocrx_word' id='word_1_87' title='bbox 317 1121 427 1178; x_wconf 86' lang='lat' dir='ltr'>Proinde</span> <span class='ocrx_word' id='word_1_88' title='bbox 437 1125 537 1195; x_wconf 86' lang='lat' dir='ltr'>primus</span> <span class='ocrx_word' id='word_1_89' title='bbox 548 1141 564 1177; x_wconf 92' lang='lat' dir='ltr'>a</span> <span class='ocrx_word' id='word_1_90' title='bbox 575 1126 656 1180; x_wconf 90' lang='lat' dir='ltr'>natali</span> <span class='ocrx_word' id='word_1_91' title='bbox 663 1123 770 1190; x_wconf 79' lang='lat' dir='ltr'>Christi,</span> <span class='ocrx_word' id='word_1_92' title='bbox 782 1127 836 1180; x_wconf 84' lang='lat' dir='ltr'>sive</span> <span class='ocrx_word' id='word_1_93' title='bbox 845 1126 1019 1195; x_wconf 79' lang='lat' dir='ltr'>Dionysianae</span> <span class='ocrx_word' id='word_1_94' title='bbox 1030 1143 1105 1180; x_wconf 85' lang='lat' dir='ltr'>aerae</span> <span class='ocrx_word' id='word_1_95' title='bbox 1116 1143 1147 1180; x_wconf 89' lang='lat' dir='ltr'>ao</span> <span class='ocrx_word' id='word_1_96' title='bbox 1158 1127 1273 1197; x_wconf 77' lang='lat' dir='ltr'>vulgaris</span> <span class='ocrx_word' id='word_1_97' title='bbox 1285 1139 1384 1192; x_wconf 73' lang='lat' dir='ltr'>mnus,</span> <span class='ocrx_word' id='word_1_98' title='bbox 1396 1127 1477 1182; x_wconf 84' lang='lat' dir='ltr'>aKal.</span> 
     </span>
    </p>
   </div>
   <div class='ocr_carea' id='block_1_4' title="bbox 317 1209 1567 1367">
    <p class='ocr_par' dir='ltr' id='par_1_4' title="bbox 317 1209 1567 1367">
     <span class='ocr_line' id='line_1_11' title="bbox 317 1209 1567 1282; baseline 0.003 -20"><span class='ocrx_word' id='word_1_99' title='bbox 317 1209 445 1263; x_wconf 78' lang='lat' dir='ltr'>lmuards</span> <span class='ocrx_word' id='word_1_100' title='bbox 456 1212 518 1264; x_wconf 87' lang='lat' dir='ltr'>anni</span> <span class='ocrx_word' id='word_1_101' title='bbox 528 1209 623 1264; x_wconf 85' lang='lat' dir='ltr'>iuliani</span> <span class='ocrx_word' id='word_1_102' title='bbox 634 1229 703 1266; x_wconf 79' lang='lat' dir='ltr'>sarr.</span> <span class='ocrx_word' id='word_1_103' title='bbox 715 1212 807 1266; x_wconf 88' lang='lat' dir='ltr'>iisdem</span> <span class='ocrx_word' id='word_1_104' title='bbox 817 1213 845 1264; x_wconf 91' lang='lat' dir='ltr'>in</span> <span class='ocrx_word' id='word_1_105' title='bbox 857 1213 1001 1266; x_wconf 71' lang='lat' dir='ltr'>Annalibus</span> <span class='ocrx_word' id='word_1_106' title='bbox 1012 1212 1114 1282; x_wconf 88' lang='lat' dir='ltr'>incipit,</span> <span class='ocrx_word' id='word_1_107' title='bbox 1128 1211 1202 1266; x_wconf 84' lang='lat' dir='ltr'>Urbis</span> <span class='ocrx_word' id='word_1_108' title='bbox 1218 1229 1252 1266; x_wconf 89' lang='lat' dir='ltr'>ex</span> <span class='ocrx_word' id='word_1_109' title='bbox 1260 1213 1424 1268; x_wconf 75' lang='lat' dir='ltr'>Varroniano</span> <span class='ocrx_word' id='word_1_110' title='bbox 1437 1229 1478 1266; x_wconf 85' lang='lat' dir='ltr'>ra-</span> <span class='ocrx_word' id='word_1_111' title='bbox 1566 1209 1567 1228; x_wconf 64' lang='lat'>¹</span> 
     </span>
     <span class='ocr_line' id='line_1_12' title="bbox 318 1295 1567 1367; baseline 0.004 -19"><span class='ocrx_word' id='word_1_112' title='bbox 318 1295 514 1359; x_wconf 72' lang='lat' dir='ltr'>descessum,</span> <span class='ocrx_word' id='word_1_113' title='bbox 526 1297 599 1349; x_wconf 86' lang='lat' dir='ltr'>cuius</span> <span class='ocrx_word' id='word_1_114' title='bbox 610 1295 701 1350; x_wconf 91' lang='lat' dir='ltr'>Palilia</span> <span class='ocrx_word' id='word_1_115' title='bbox 712 1296 793 1366; x_wconf 77' lang='lat' dir='ltr'>Aprili</span> <span class='ocrx_word' id='word_1_116' title='bbox 804 1313 894 1350; x_wconf 89' lang='lat' dir='ltr'>mense</span> <span class='ocrx_word' id='word_1_117' title='bbox 905 1297 1024 1367; x_wconf 89' lang='lat' dir='ltr'>proxime</span> <span class='ocrx_word' id='word_1_118' title='bbox 1035 1303 1125 1350; x_wconf 89' lang='lat' dir='ltr'>secuta</span> <span class='ocrx_word' id='word_1_119' title='bbox 1135 1304 1208 1362; x_wconf 82' lang='lat' dir='ltr'>sunt;</span> <span class='ocrx_word' id='word_1_120' title='bbox 1223 1297 1288 1352; x_wconf 90' lang='lat' dir='ltr'>adeo</span> <span class='ocrx_word' id='word_1_121' title='bbox 1299 1299 1368 1352; x_wconf 88' lang='lat' dir='ltr'>utin</span> <span class='ocrx_word' id='word_1_122' title='bbox 1380 1299 1479 1353; x_wconf 83' lang='lat' dir='ltr'>anuum</span> <span class='ocrx_word' id='word_1_123' title='bbox 1566 1313 1567 1318; x_wconf 72' lang='grc'>’</span> 
     </span>
    </p>
   </div>
   <div class='ocr_carea' id='block_1_5' title="bbox 281 1375 1568 4616">
    <p class='ocr_par' dir='ltr' id='par_1_5' title="bbox 317 1375 1568 2137">
     <span class='ocr_line' id='line_1_13' title="bbox 318 1375 1479 1454; baseline 0.003 -20"><span class='ocrx_word' id='word_1_124' title='bbox 318 1379 394 1434; x_wconf 87' lang='lat' dir='ltr'>Urbis</span> <span class='ocrx_word' id='word_1_125' title='bbox 406 1395 495 1434; x_wconf 78' lang='lat' dir='ltr'>ncces.</span> <span class='ocrx_word' id='word_1_126' title='bbox 508 1381 623 1450; x_wconf 77' lang='lat' dir='ltr'>vulgetis</span> <span class='ocrx_word' id='word_1_127' title='bbox 638 1397 714 1434; x_wconf 88' lang='lat' dir='ltr'>aerae</span> <span class='ocrx_word' id='word_1_128' title='bbox 729 1375 899 1453; x_wconf 83' lang='lat' dir='ltr'>primordium</span> <span class='ocrx_word' id='word_1_129' title='bbox 914 1383 1041 1446; x_wconf 77' lang='lat' dir='ltr'>inconst,</span> <span class='ocrx_word' id='word_1_130' title='bbox 1059 1381 1219 1454; x_wconf 77' lang='lat' dir='ltr'>Olympiadis</span> <span class='ocrx_word' id='word_1_131' title='bbox 1232 1398 1319 1438; x_wconf 84' lang='lat' dir='ltr'>cxcrs.</span> <span class='ocrx_word' id='word_1_132' title='bbox 1338 1399 1438 1438; x_wconf 88' lang='lat' dir='ltr'>annum</span> <span class='ocrx_word' id='word_1_133' title='bbox 1448 1403 1479 1438; x_wconf 89' lang='lat' dir='ltr'>n.</span> 
     </span>
     <span class='ocr_line' id='line_1_14' title="bbox 318 1465 1479 1539; baseline 0.002 -19"><span class='ocrx_word' id='word_1_134' title='bbox 318 1465 364 1520; x_wconf 76' lang='lat' dir='ltr'>mc</span> <span class='ocrx_word' id='word_1_135' title='bbox 375 1481 407 1518; x_wconf 90' lang='lat' dir='ltr'>ea</span> <span class='ocrx_word' id='word_1_136' title='bbox 418 1467 523 1537; x_wconf 89' lang='lat' dir='ltr'>quidem</span> <span class='ocrx_word' id='word_1_137' title='bbox 531 1465 680 1522; x_wconf 80' lang='lat' dir='ltr'>Cassiodori</span> <span class='ocrx_word' id='word_1_138' title='bbox 691 1469 831 1532; x_wconf 86' lang='lat' dir='ltr'>sententia,</span> <span class='ocrx_word' id='word_1_139' title='bbox 844 1467 1005 1536; x_wconf 87' lang='lat' dir='ltr'>aliorumque</span> <span class='ocrx_word' id='word_1_140' title='bbox 1016 1473 1071 1522; x_wconf 87' lang='lat' dir='ltr'>tarn</span> <span class='ocrx_word' id='word_1_141' title='bbox 1080 1473 1195 1522; x_wconf 80' lang='lat' dir='ltr'>veterum</span> <span class='ocrx_word' id='word_1_142' title='bbox 1205 1485 1285 1539; x_wconf 88' lang='lat' dir='ltr'>quum</span> <span class='ocrx_word' id='word_1_143' title='bbox 1295 1470 1479 1533; x_wconf 86' lang='lat' dir='ltr'>recentiorum,</span> 
     </span>
     <span class='ocr_line' id='line_1_15' title="bbox 318 1552 1479 1623; baseline 0.003 -19"><span class='ocrx_word' id='word_1_144' title='bbox 318 1555 357 1616; x_wconf 93' lang='lat' dir='ltr'>et,</span> <span class='ocrx_word' id='word_1_145' title='bbox 369 1552 438 1622; x_wconf 91' lang='lat' dir='ltr'>quud</span> <span class='ocrx_word' id='word_1_146' title='bbox 450 1552 482 1604; x_wconf 85' lang='lat' dir='ltr'>sd</span> <span class='ocrx_word' id='word_1_147' title='bbox 494 1553 608 1606; x_wconf 86' lang='lat' dir='ltr'>natalem</span> <span class='ocrx_word' id='word_1_148' title='bbox 619 1553 706 1622; x_wconf 87' lang='lat' dir='ltr'>ipsum</span> <span class='ocrx_word' id='word_1_149' title='bbox 718 1554 821 1618; x_wconf 76' lang='lat' dir='ltr'>attinet,</span> <span class='ocrx_word' id='word_1_150' title='bbox 833 1570 896 1606; x_wconf 85' lang='lat' dir='ltr'>saue</span> <span class='ocrx_word' id='word_1_151' title='bbox 905 1553 1054 1623; x_wconf 88' lang='lat' dir='ltr'>probabilis.</span> <span class='ocrx_word' id='word_1_152' title='bbox 1073 1553 1146 1616; x_wconf 80' lang='lat' dir='ltr'>Quod</span> <span class='ocrx_word' id='word_1_153' title='bbox 1158 1559 1247 1609; x_wconf 84' lang='lat' dir='ltr'>autem</span> <span class='ocrx_word' id='word_1_154' title='bbox 1257 1555 1301 1608; x_wconf 90' lang='lat' dir='ltr'>ille</span> <span class='ocrx_word' id='word_1_155' title='bbox 1311 1554 1382 1608; x_wconf 91' lang='lat' dir='ltr'>idem</span> <span class='ocrx_word' id='word_1_156' title='bbox 1394 1570 1479 1608; x_wconf 86' lang='lat' dir='ltr'>annus</span> 
     </span>
     <span class='ocr_line' id='line_1_16' title="bbox 317 1637 1480 1708; baseline 0.004 -19"><span class='ocrx_word' id='word_1_157' title='bbox 317 1653 377 1690; x_wconf 91' lang='lat' dir='ltr'>cum</span> <span class='ocrx_word' id='word_1_158' title='bbox 386 1653 446 1690; x_wconf 90' lang='lat' dir='ltr'>aera</span> <span class='ocrx_word' id='word_1_159' title='bbox 454 1638 613 1707; x_wconf 78' lang='lat' dir='ltr'>Dionysiana</span> <span class='ocrx_word' id='word_1_160' title='bbox 624 1639 799 1708; x_wconf 87' lang='lat' dir='ltr'>coniungitur,</span> <span class='ocrx_word' id='word_1_161' title='bbox 810 1637 860 1692; x_wconf 83' lang='lat' dir='ltr'>boc</span> <span class='ocrx_word' id='word_1_162' title='bbox 868 1644 908 1692; x_wconf 85' lang='lat' dir='ltr'>est</span> <span class='ocrx_word' id='word_1_163' title='bbox 917 1638 985 1708; x_wconf 91' lang='lat' dir='ltr'>quod</span> <span class='ocrx_word' id='word_1_164' title='bbox 998 1639 1096 1708; x_wconf 85' lang='lat' dir='ltr'>primus</span> <span class='ocrx_word' id='word_1_165' title='bbox 1107 1655 1182 1692; x_wconf 87' lang='lat' dir='ltr'>aerae</span> <span class='ocrx_word' id='word_1_166' title='bbox 1192 1638 1353 1694; x_wconf 81' lang='lat' dir='ltr'>Christianae</span> <span class='ocrx_word' id='word_1_167' title='bbox 1361 1639 1480 1694; x_wconf 83' lang='lat' dir='ltr'>dubanus</span> 
     </span>
     <span class='ocr_line' id='line_1_17' title="bbox 317 1723 1480 1796; baseline 0.003 -22"><span class='ocrx_word' id='word_1_168' title='bbox 317 1739 375 1778; x_wconf 89' lang='lat' dir='ltr'>esse</span> <span class='ocrx_word' id='word_1_169' title='bbox 383 1741 453 1780; x_wconf 81' lang='lat' dir='ltr'>ants.</span> <span class='ocrx_word' id='word_1_170' title='bbox 462 1725 593 1788; x_wconf 77' lang='lat' dir='ltr'>mestitur,</span> <span class='ocrx_word' id='word_1_171' title='bbox 603 1723 799 1794; x_wconf 78' lang='lat' dir='ltr'>Olympcrcrv.</span> <span class='ocrx_word' id='word_1_172' title='bbox 809 1723 946 1788; x_wconf 85' lang='lat' dir='ltr'>secundus,</span> <span class='ocrx_word' id='word_1_173' title='bbox 955 1723 980 1776; x_wconf 93' lang='lat' dir='ltr'>id</span> <span class='ocrx_word' id='word_1_174' title='bbox 987 1741 1048 1778; x_wconf 82' lang='lat' dir='ltr'>sero</span> <span class='ocrx_word' id='word_1_175' title='bbox 1057 1740 1222 1796; x_wconf 88' lang='lat' dir='ltr'>nequaqnam</span> <span class='ocrx_word' id='word_1_176' title='bbox 1231 1723 1355 1796; x_wconf 91' lang='lat' dir='ltr'>procedit.</span> <span class='ocrx_word' id='word_1_177' title='bbox 1367 1723 1480 1780; x_wconf 87' lang='lat' dir='ltr'>Biennio</span> 
     </span>
     <span class='ocr_line' id='line_1_18' title="bbox 317 1807 1480 1880; baseline 0.004 -16"><span class='ocrx_word' id='word_1_178' title='bbox 317 1810 387 1864; x_wconf 84' lang='lat' dir='ltr'>enim</span> <span class='ocrx_word' id='word_1_179' title='bbox 397 1811 514 1874; x_wconf 72' lang='lat' dir='ltr'>aberam,</span> <span class='ocrx_word' id='word_1_180' title='bbox 526 1815 555 1862; x_wconf 90' lang='lat' dir='ltr'>ut</span> <span class='ocrx_word' id='word_1_181' title='bbox 567 1810 669 1880; x_wconf 87' lang='lat' dir='ltr'>quidem</span> <span class='ocrx_word' id='word_1_182' title='bbox 681 1811 796 1880; x_wconf 91' lang='lat' dir='ltr'>plerique</span> <span class='ocrx_word' id='word_1_183' title='bbox 807 1807 932 1863; x_wconf 87' lang='lat' dir='ltr'>hactenus</span> <span class='ocrx_word' id='word_1_184' title='bbox 943 1809 1191 1876; x_wconf 78' lang='lat' dir='ltr'>animadverterunt3</span> <span class='ocrx_word' id='word_1_185' title='bbox 1207 1817 1237 1864; x_wconf 92' lang='lat' dir='ltr'>ut</span> <span class='ocrx_word' id='word_1_186' title='bbox 1247 1817 1336 1866; x_wconf 89' lang='lat' dir='ltr'>autem</span> <span class='ocrx_word' id='word_1_187' title='bbox 1348 1811 1480 1874; x_wconf 78' lang='lat' dir='ltr'>existimo,</span> 
     </span>
     <span class='ocr_line' id='line_1_19' title="bbox 317 1895 1479 1966; baseline 0.002 -18"><span class='ocrx_word' id='word_1_188' title='bbox 317 1895 396 1949; x_wconf 88' lang='lat' dir='ltr'>etiam</span> <span class='ocrx_word' id='word_1_189' title='bbox 407 1896 517 1950; x_wconf 90' lang='lat' dir='ltr'>triennio</span> <span class='ocrx_word' id='word_1_190' title='bbox 526 1911 543 1948; x_wconf 88' lang='lat' dir='ltr'>a</span> <span class='ocrx_word' id='word_1_191' title='bbox 551 1895 670 1964; x_wconf 76' lang='lat' dir='ltr'>Dionysii</span> <span class='ocrx_word' id='word_1_192' title='bbox 678 1900 765 1948; x_wconf 89' lang='lat' dir='ltr'>mente</span> <span class='ocrx_word' id='word_1_193' title='bbox 774 1899 852 1964; x_wconf 87' lang='lat' dir='ltr'>atque</span> <span class='ocrx_word' id='word_1_194' title='bbox 864 1911 925 1948; x_wconf 85' lang='lat' dir='ltr'>aere</span> <span class='ocrx_word' id='word_1_195' title='bbox 936 1895 1027 1960; x_wconf 74' lang='lat' dir='ltr'>distm,</span> <span class='ocrx_word' id='word_1_196' title='bbox 1039 1896 1077 1948; x_wconf 91' lang='lat' dir='ltr'>uti</span> <span class='ocrx_word' id='word_1_197' title='bbox 1088 1897 1166 1966; x_wconf 88' lang='lat' dir='ltr'>paulu</span> <span class='ocrx_word' id='word_1_198' title='bbox 1177 1901 1238 1966; x_wconf 91' lang='lat' dir='ltr'>post</span> <span class='ocrx_word' id='word_1_199' title='bbox 1249 1895 1479 1952; x_wconf 77' lang='lat' dir='ltr'>demonstrabitur.</span> 
     </span>
     <span class='ocr_line' id='line_1_20' title="bbox 317 1975 1568 2052; baseline 0.001 -17"><span class='ocrx_word' id='word_1_200' title='bbox 317 1981 371 2036; x_wconf 84' lang='lat' dir='ltr'>Noe</span> <span class='ocrx_word' id='word_1_201' title='bbox 383 1982 487 2034; x_wconf 90' lang='lat' dir='ltr'>interim</span> <span class='ocrx_word' id='word_1_202' title='bbox 499 1997 565 2051; x_wconf 86' lang='lat' dir='ltr'>quae</span> <span class='ocrx_word' id='word_1_203' title='bbox 576 1981 604 2034; x_wconf 91' lang='lat' dir='ltr'>in</span> <span class='ocrx_word' id='word_1_204' title='bbox 613 1982 748 2051; x_wconf 88' lang='lat' dir='ltr'>Apparetu</span> <span class='ocrx_word' id='word_1_205' title='bbox 758 1981 791 2032; x_wconf 85' lang='lat' dir='ltr'>ad</span> <span class='ocrx_word' id='word_1_206' title='bbox 803 1981 916 2034; x_wconf 73' lang='lat' dir='ltr'>eundo</span> <span class='ocrx_word' id='word_1_207' title='bbox 927 1979 959 2034; x_wconf 91' lang='lat' dir='ltr'>de</span> <span class='ocrx_word' id='word_1_208' title='bbox 970 1978 1020 2034; x_wconf 88' lang='lat' dir='ltr'>boo</span> <span class='ocrx_word' id='word_1_209' title='bbox 1031 1996 1100 2034; x_wconf 88' lang='lat' dir='ltr'>anno</span> <span class='ocrx_word' id='word_1_210' title='bbox 1111 1981 1239 2036; x_wconf 81' lang='lat' dir='ltr'>subtiliter</span> <span class='ocrx_word' id='word_1_211' title='bbox 1250 1988 1276 2035; x_wconf 92' lang='lat' dir='ltr'>et</span> <span class='ocrx_word' id='word_1_212' title='bbox 1286 1982 1418 2052; x_wconf 87' lang='lat' dir='ltr'>exquisite</span> <span class='ocrx_word' id='word_1_213' title='bbox 1428 1981 1480 2036; x_wconf 83' lang='lat' dir='ltr'>dis-</span> <span class='ocrx_word' id='word_1_214' title='bbox 1567 1975 1568 1980; x_wconf 64' lang='grc'>’</span> 
     </span>
     <span class='ocr_line' id='line_1_21' title="bbox 318 2065 1568 2137; baseline -0.003 -17"><span class='ocrx_word' id='word_1_215' title='bbox 318 2071 441 2137; x_wconf 89' lang='lat' dir='ltr'>putantur</span> <span class='ocrx_word' id='word_1_216' title='bbox 452 2065 788 2136; x_wconf 88' lang='lat' dir='ltr'>expendendaeeusuimus.</span> <span class='ocrx_word' id='word_1_217' title='bbox 1567 2081 1568 2096; x_wconf 57' lang='grc' dir='ltr'>ι</span> 
     </span>
    </p>

    <p class='ocr_par' dir='ltr' id='par_1_6' title="bbox 286 2151 1483 3233">
     <span class='ocr_line' id='line_1_22' title="bbox 387 2151 1481 2222; baseline 0.001 -17"><span class='ocrx_word' id='word_1_218' title='bbox 387 2151 453 2206; x_wconf 87' lang='lat' dir='ltr'>Gum</span> <span class='ocrx_word' id='word_1_219' title='bbox 464 2153 544 2222; x_wconf 87' lang='lat' dir='ltr'>igitur</span> <span class='ocrx_word' id='word_1_220' title='bbox 555 2168 572 2204; x_wconf 88' lang='lat' dir='ltr'>a</span> <span class='ocrx_word' id='word_1_221' title='bbox 583 2151 715 2206; x_wconf 91' lang='lat' dir='ltr'>nonnullis</span> <span class='ocrx_word' id='word_1_222' title='bbox 727 2151 868 2222; x_wconf 85' lang='lat' dir='ltr'>improbari</span> <span class='ocrx_word' id='word_1_223' title='bbox 878 2167 955 2206; x_wconf 89' lang='lat' dir='ltr'>suam</span> <span class='ocrx_word' id='word_1_224' title='bbox 966 2153 998 2206; x_wconf 92' lang='lat' dir='ltr'>de</span> <span class='ocrx_word' id='word_1_225' title='bbox 1009 2153 1091 2206; x_wconf 78' lang='lat' dir='ltr'>natali</span> <span class='ocrx_word' id='word_1_226' title='bbox 1099 2151 1195 2206; x_wconf 80' lang='lat' dir='ltr'>Christi</span> <span class='ocrx_word' id='word_1_227' title='bbox 1205 2153 1363 2208; x_wconf 87' lang='lat' dir='ltr'>sententiam</span> <span class='ocrx_word' id='word_1_228' title='bbox 1373 2153 1481 2218; x_wconf 65' lang='lat' dir='ltr'>sideru,</span> 
     </span>
     <span class='ocr_line' id='line_1_23' title="bbox 319 2237 1481 2308; baseline 0.002 -17"><span class='ocrx_word' id='word_1_229' title='bbox 319 2239 354 2292; x_wconf 93' lang='lat' dir='ltr'>ob</span> <span class='ocrx_word' id='word_1_230' title='bbox 364 2238 391 2290; x_wconf 90' lang='lat' dir='ltr'>id</span> <span class='ocrx_word' id='word_1_231' title='bbox 402 2254 484 2290; x_wconf 88' lang='lat' dir='ltr'>nnurn</span> <span class='ocrx_word' id='word_1_232' title='bbox 495 2238 610 2290; x_wconf 83' lang='lat' dir='ltr'>maxime</span> <span class='ocrx_word' id='word_1_233' title='bbox 626 2237 695 2307; x_wconf 92' lang='lat' dir='ltr'>quod</span> <span class='ocrx_word' id='word_1_234' title='bbox 711 2238 737 2290; x_wconf 91' lang='lat' dir='ltr'>in</span> <span class='ocrx_word' id='word_1_235' title='bbox 750 2237 878 2291; x_wconf 88' lang='lat' dir='ltr'>lulianum</span> <span class='ocrx_word' id='word_1_236' title='bbox 891 2255 978 2302; x_wconf 79' lang='lat' dir='ltr'>sarra,</span> <span class='ocrx_word' id='word_1_237' title='bbox 996 2239 1040 2308; x_wconf 91' lang='lat' dir='ltr'>qui</span> <span class='ocrx_word' id='word_1_238' title='bbox 1056 2255 1123 2292; x_wconf 84' lang='lat' dir='ltr'>coss.</span> <span class='ocrx_word' id='word_1_239' title='bbox 1136 2237 1215 2292; x_wconf 86' lang='lat' dir='ltr'>habet</span> <span class='ocrx_word' id='word_1_240' title='bbox 1225 2239 1364 2294; x_wconf 83' lang='lat' dir='ltr'>Lentulum</span> <span class='ocrx_word' id='word_1_241' title='bbox 1375 2244 1404 2292; x_wconf 93' lang='lat' dir='ltr'>et</span> <span class='ocrx_word' id='word_1_242' title='bbox 1413 2239 1481 2293; x_wconf 81' lang='lat' dir='ltr'>llar-</span> 
     </span>
     <span class='ocr_line' id='line_1_24' title="bbox 318 2322 1482 2394; baseline 0.003 -18"><span class='ocrx_word' id='word_1_243' title='bbox 318 2324 452 2387; x_wconf 89' lang='lat' dir='ltr'>cellinnm,</span> <span class='ocrx_word' id='word_1_244' title='bbox 469 2323 597 2376; x_wconf 84' lang='lat' dir='ltr'>bisextilis</span> <span class='ocrx_word' id='word_1_245' title='bbox 613 2322 668 2376; x_wconf 92' lang='lat' dir='ltr'>dies</span> <span class='ocrx_word' id='word_1_246' title='bbox 679 2323 786 2376; x_wconf 88' lang='lat' dir='ltr'>minime</span> <span class='ocrx_word' id='word_1_247' title='bbox 797 2323 911 2388; x_wconf 84' lang='lat' dir='ltr'>caderet,</span> <span class='ocrx_word' id='word_1_248' title='bbox 927 2329 1018 2378; x_wconf 80' lang='lat' dir='ltr'>centn</span> <span class='ocrx_word' id='word_1_249' title='bbox 1032 2323 1075 2378; x_wconf 89' lang='lat' dir='ltr'>ille</span> <span class='ocrx_word' id='word_1_250' title='bbox 1087 2325 1126 2376; x_wconf 86' lang='lat' dir='ltr'>sic</span> <span class='ocrx_word' id='word_1_251' title='bbox 1136 2323 1300 2394; x_wconf 82' lang='lat' dir='ltr'>praescribit:</span> <span class='ocrx_word' id='word_1_252' title='bbox 1317 2328 1421 2378; x_wconf 85' lang='lat' dir='ltr'>tantum</span> <span class='ocrx_word' id='word_1_253' title='bbox 1436 2324 1482 2380; x_wconf 85' lang='lat' dir='ltr'>ab·</span> 
     </span>
     <span class='ocr_line' id='line_1_25' title="bbox 286 2407 1482 2477; baseline -0.001 -14"><span class='ocrx_word' id='word_1_254' title='bbox 286 2465 292 2477; x_wconf 54' lang='grc'>,</span> <span class='ocrx_word' id='word_1_255' title='bbox 319 2425 389 2474; x_wconf 89' lang='lat' dir='ltr'>esse,</span> <span class='ocrx_word' id='word_1_256' title='bbox 400 2410 469 2462; x_wconf 89' lang='lat' dir='ltr'>utin</span> <span class='ocrx_word' id='word_1_257' title='bbox 480 2423 578 2462; x_wconf 84' lang='lat' dir='ltr'>anuum</span> <span class='ocrx_word' id='word_1_258' title='bbox 589 2409 663 2462; x_wconf 87' lang='lat' dir='ltr'>illum</span> <span class='ocrx_word' id='word_1_259' title='bbox 674 2409 804 2462; x_wconf 84' lang='lat' dir='ltr'>bisextilis</span> <span class='ocrx_word' id='word_1_260' title='bbox 815 2409 870 2462; x_wconf 90' lang='lat' dir='ltr'>dies</span> <span class='ocrx_word' id='word_1_261' title='bbox 881 2425 935 2462; x_wconf 90' lang='lat' dir='ltr'>non</span> <span class='ocrx_word' id='word_1_262' title='bbox 946 2409 1056 2474; x_wconf 91' lang='lat' dir='ltr'>incidat,</span> <span class='ocrx_word' id='word_1_263' title='bbox 1072 2415 1101 2462; x_wconf 91' lang='lat' dir='ltr'>ut</span> <span class='ocrx_word' id='word_1_264' title='bbox 1117 2410 1145 2462; x_wconf 92' lang='lat' dir='ltr'>in</span> <span class='ocrx_word' id='word_1_265' title='bbox 1159 2409 1240 2464; x_wconf 88' lang='lat' dir='ltr'>alium</span> <span class='ocrx_word' id='word_1_266' title='bbox 1250 2407 1364 2474; x_wconf 89' lang='lat' dir='ltr'>nullum,</span> <span class='ocrx_word' id='word_1_267' title='bbox 1382 2409 1435 2462; x_wconf 90' lang='lat' dir='ltr'>nisi</span> <span class='ocrx_word' id='word_1_268' title='bbox 1449 2408 1482 2462; x_wconf 90' lang='lat' dir='ltr'>ab</span> 
     </span>
     <span class='ocr_line' id='line_1_26' title="bbox 320 2493 1482 2566; baseline -0.001 -18"><span class='ocrx_word' id='word_1_269' title='bbox 320 2496 410 2548; x_wconf 90' lang='lat' dir='ltr'>eodem</span> <span class='ocrx_word' id='word_1_270' title='bbox 422 2499 556 2565; x_wconf 87' lang='lat' dir='ltr'>quartum,</span> <span class='ocrx_word' id='word_1_271' title='bbox 573 2495 629 2548; x_wconf 83' lang='lat' dir='ltr'>sive</span> <span class='ocrx_word' id='word_1_272' title='bbox 640 2499 711 2558; x_wconf 84' lang='lat' dir='ltr'>ante,</span> <span class='ocrx_word' id='word_1_273' title='bbox 728 2495 783 2548; x_wconf 78' lang='lat' dir='ltr'>sire</span> <span class='ocrx_word' id='word_1_274' title='bbox 799 2495 969 2564; x_wconf 88' lang='lat' dir='ltr'>postipsum,</span> <span class='ocrx_word' id='word_1_275' title='bbox 987 2495 1124 2551; x_wconf 76' lang='lat' dir='ltr'>convenire</span> <span class='ocrx_word' id='word_1_276' title='bbox 1134 2495 1225 2566; x_wconf 74' lang='lat' dir='ltr'>possit.</span> <span class='ocrx_word' id='word_1_277' title='bbox 1248 2493 1351 2548; x_wconf 83' lang='lat' dir='ltr'>Etenim</span> <span class='ocrx_word' id='word_1_278' title='bbox 1360 2511 1410 2566; x_wconf 90' lang='lat' dir='ltr'>pro</span> <span class='ocrx_word' id='word_1_279' title='bbox 1423 2511 1482 2548; x_wconf 88' lang='lat' dir='ltr'>cou-</span> 
     </span>
     <span class='ocr_line' id='line_1_27' title="bbox 319 2579 1482 2650; baseline -0.003 -15"><span class='ocrx_word' id='word_1_280' title='bbox 319 2581 389 2635; x_wconf 83' lang='lat' dir='ltr'>tesso</span> <span class='ocrx_word' id='word_1_281' title='bbox 401 2581 559 2650; x_wconf 88' lang='lat' dir='ltr'>minimeque</span> <span class='ocrx_word' id='word_1_282' title='bbox 571 2579 649 2633; x_wconf 93' lang='lat' dir='ltr'>dubio</span> <span class='ocrx_word' id='word_1_283' title='bbox 661 2579 688 2632; x_wconf 94' lang='lat' dir='ltr'>id</span> <span class='ocrx_word' id='word_1_284' title='bbox 698 2581 726 2634; x_wconf 91' lang='lat' dir='ltr'>in</span> <span class='ocrx_word' id='word_1_285' title='bbox 738 2579 786 2632; x_wconf 88' lang='lat' dir='ltr'>bac</span> <span class='ocrx_word' id='word_1_286' title='bbox 798 2585 854 2634; x_wconf 90' lang='lat' dir='ltr'>tota</span> <span class='ocrx_word' id='word_1_287' title='bbox 865 2580 1040 2650; x_wconf 87' lang='lat' dir='ltr'>disputatione</span> <span class='ocrx_word' id='word_1_288' title='bbox 1051 2580 1143 2645; x_wconf 89' lang='lat' dir='ltr'>sumit,</span> <span class='ocrx_word' id='word_1_289' title='bbox 1160 2596 1259 2634; x_wconf 88' lang='lat' dir='ltr'>anuum</span> <span class='ocrx_word' id='word_1_290' title='bbox 1269 2581 1355 2644; x_wconf 91' lang='lat' dir='ltr'>illum,</span> <span class='ocrx_word' id='word_1_291' title='bbox 1373 2595 1426 2649; x_wconf 91' lang='lat' dir='ltr'>quo</span> <span class='ocrx_word' id='word_1_292' title='bbox 1437 2595 1482 2632; x_wconf 88' lang='lat' dir='ltr'>na·</span> 
     </span>
     <span class='ocr_line' id='line_1_28' title="bbox 318 2663 1483 2738; baseline -0.002 -18"><span class='ocrx_word' id='word_1_293' title='bbox 318 2673 361 2720; x_wconf 87' lang='lat' dir='ltr'>tus</span> <span class='ocrx_word' id='word_1_294' title='bbox 373 2672 414 2720; x_wconf 90' lang='lat' dir='ltr'>eet</span> <span class='ocrx_word' id='word_1_295' title='bbox 424 2665 555 2731; x_wconf 77' lang='lat' dir='ltr'>Christus,</span> <span class='ocrx_word' id='word_1_296' title='bbox 567 2666 715 2720; x_wconf 88' lang='lat' dir='ltr'>bisextilens</span> <span class='ocrx_word' id='word_1_297' title='bbox 725 2665 820 2730; x_wconf 73' lang='lat' dir='ltr'>tabee,</span> <span class='ocrx_word' id='word_1_298' title='bbox 835 2671 972 2736; x_wconf 89' lang='lat' dir='ltr'>propterea</span> <span class='ocrx_word' id='word_1_299' title='bbox 983 2663 1052 2736; x_wconf 93' lang='lat' dir='ltr'>quod</span> <span class='ocrx_word' id='word_1_300' title='bbox 1064 2666 1110 2735; x_wconf 87' lang='lat' dir='ltr'>qui</span> <span class='ocrx_word' id='word_1_301' title='bbox 1121 2665 1290 2738; x_wconf 78' lang='lat' dir='ltr'>deincepaab</span> <span class='ocrx_word' id='word_1_302' title='bbox 1300 2681 1330 2718; x_wconf 93' lang='lat' dir='ltr'>eo</span> <span class='ocrx_word' id='word_1_303' title='bbox 1342 2665 1483 2735; x_wconf 85' lang='lat' dir='ltr'>propagati</span> 
     </span>
     <span class='ocr_line' id='line_1_29' title="bbox 318 2749 1482 2823; baseline -0.002 -17"><span class='ocrx_word' id='word_1_304' title='bbox 318 2765 381 2806; x_wconf 87' lang='lat' dir='ltr'>sunt</span> <span class='ocrx_word' id='word_1_305' title='bbox 396 2768 443 2823; x_wconf 90' lang='lat' dir='ltr'>per</span> <span class='ocrx_word' id='word_1_306' title='bbox 459 2757 599 2823; x_wconf 87' lang='lat' dir='ltr'>quaternos</span> <span class='ocrx_word' id='word_1_307' title='bbox 616 2751 692 2806; x_wconf 73' lang='lat' dir='ltr'>divas</span> <span class='ocrx_word' id='word_1_308' title='bbox 707 2751 841 2805; x_wconf 84' lang='lat' dir='ltr'>bissextiles</span> <span class='ocrx_word' id='word_1_309' title='bbox 858 2755 1002 2804; x_wconf 85' lang='lat' dir='ltr'>occurrunt</span> <span class='ocrx_word' id='word_1_310' title='bbox 1024 2749 1080 2804; x_wconf 90' lang='lat' dir='ltr'>Iam</span> <span class='ocrx_word' id='word_1_311' title='bbox 1091 2767 1152 2804; x_wconf 81' lang='lat' dir='ltr'>vero</span> <span class='ocrx_word' id='word_1_312' title='bbox 1168 2767 1253 2806; x_wconf 88' lang='lat' dir='ltr'>annus</span> <span class='ocrx_word' id='word_1_313' title='bbox 1269 2755 1357 2804; x_wconf 64' lang='lat' dir='ltr'>anm</span> <span class='ocrx_word' id='word_1_314' title='bbox 1368 2749 1482 2804; x_wconf 81' lang='lat' dir='ltr'>Domino</span> 
     </span>
     <span class='ocr_line' id='line_1_30' title="bbox 320 2835 1482 2910; baseline -0.002 -18"><span class='ocrx_word' id='word_1_315' title='bbox 320 2854 458 2904; x_wconf 73' lang='lat' dir='ltr'>ccccm,</span> <span class='ocrx_word' id='word_1_316' title='bbox 481 2853 532 2910; x_wconf 92' lang='lat' dir='ltr'>quo</span> <span class='ocrx_word' id='word_1_317' title='bbox 548 2838 744 2892; x_wconf 88' lang='lat' dir='ltr'>Valentinianus</span> <span class='ocrx_word' id='word_1_318' title='bbox 766 2837 905 2908; x_wconf 87' lang='lat' dir='ltr'>imperium</span> <span class='ocrx_word' id='word_1_319' title='bbox 921 2835 1030 2906; x_wconf 86' lang='lat' dir='ltr'>adeptus</span> <span class='ocrx_word' id='word_1_320' title='bbox 1050 2840 1103 2900; x_wconf 89' lang='lat' dir='ltr'>est,</span> <span class='ocrx_word' id='word_1_321' title='bbox 1127 2836 1275 2890; x_wconf 87' lang='lat' dir='ltr'>bisextilem</span> <span class='ocrx_word' id='word_1_322' title='bbox 1294 2835 1386 2890; x_wconf 88' lang='lat' dir='ltr'>babuit</span> <span class='ocrx_word' id='word_1_323' title='bbox 1405 2835 1482 2900; x_wconf 76' lang='lat' dir='ltr'>diem</span> 
     </span>
     <span class='ocr_line' id='line_1_31' title="bbox 318 2921 1482 2993; baseline 0 -17"><span class='ocrx_word' id='word_1_324' title='bbox 318 2923 537 2993; x_wconf 88' lang='lat' dir='ltr'>quemadmodum</span> <span class='ocrx_word' id='word_1_325' title='bbox 551 2923 597 2976; x_wconf 92' lang='lat' dir='ltr'>lib.</span> <span class='ocrx_word' id='word_1_326' title='bbox 608 2941 679 2978; x_wconf 78' lang='lat' dir='ltr'>xxsr.</span> <span class='ocrx_word' id='word_1_327' title='bbox 691 2923 782 2976; x_wconf 83' lang='lat' dir='ltr'>scribit</span> <span class='ocrx_word' id='word_1_328' title='bbox 797 2923 960 2976; x_wconf 81' lang='lat' dir='ltr'>Amuienua.</span> <span class='ocrx_word' id='word_1_329' title='bbox 981 2921 1052 2990; x_wconf 80' lang='lat' dir='ltr'>Ergo</span> <span class='ocrx_word' id='word_1_330' title='bbox 1065 2927 1251 2976; x_wconf 70' lang='lat' dir='ltr'>coenantum</span> <span class='ocrx_word' id='word_1_331' title='bbox 1266 2921 1341 2976; x_wconf 88' lang='lat' dir='ltr'>illum</span> <span class='ocrx_word' id='word_1_332' title='bbox 1351 2937 1482 2992; x_wconf 87' lang='lat' dir='ltr'>peraeque</span> 
     </span>
     <span class='ocr_line' id='line_1_32' title="bbox 317 3006 1480 3078; baseline -0.003 -16"><span class='ocrx_word' id='word_1_333' title='bbox 317 3009 448 3062; x_wconf 83' lang='lat' dir='ltr'>bisextilis</span> <span class='ocrx_word' id='word_1_334' title='bbox 464 3015 512 3064; x_wconf 87' lang='lat' dir='ltr'>est.</span> <span class='ocrx_word' id='word_1_335' title='bbox 544 3009 623 3078; x_wconf 85' lang='lat' dir='ltr'>Atqui</span> <span class='ocrx_word' id='word_1_336' title='bbox 638 3009 681 3061; x_wconf 89' lang='lat' dir='ltr'>ille</span> <span class='ocrx_word' id='word_1_337' title='bbox 697 3013 738 3060; x_wconf 87' lang='lat' dir='ltr'>est</span> <span class='ocrx_word' id='word_1_338' title='bbox 751 3009 821 3077; x_wconf 91' lang='lat' dir='ltr'>ipse,</span> <span class='ocrx_word' id='word_1_339' title='bbox 838 3008 884 3078; x_wconf 90' lang='lat' dir='ltr'>qui</span> <span class='ocrx_word' id='word_1_340' title='bbox 899 3006 1038 3060; x_wconf 88' lang='lat' dir='ltr'>Lentulum</span> <span class='ocrx_word' id='word_1_341' title='bbox 1053 3013 1079 3060; x_wconf 92' lang='lat' dir='ltr'>et</span> <span class='ocrx_word' id='word_1_342' title='bbox 1088 3006 1270 3060; x_wconf 79' lang='lat' dir='ltr'>Marcellinum</span> <span class='ocrx_word' id='word_1_343' title='bbox 1280 3023 1347 3062; x_wconf 87' lang='lat' dir='ltr'>coss.</span> <span class='ocrx_word' id='word_1_344' title='bbox 1358 3006 1480 3076; x_wconf 84' lang='lat' dir='ltr'>praeiert,</span> 
     </span>
     <span class='ocr_line' id='line_1_33' title="bbox 320 3091 1482 3164; baseline -0.002 -16"><span class='ocrx_word' id='word_1_345' title='bbox 320 3095 414 3164; x_wconf 87' lang='lat' dir='ltr'>quibus</span> <span class='ocrx_word' id='word_1_346' title='bbox 426 3093 563 3146; x_wconf 83' lang='lat' dir='ltr'>Decembri</span> <span class='ocrx_word' id='word_1_347' title='bbox 574 3109 663 3146; x_wconf 89' lang='lat' dir='ltr'>mense</span> <span class='ocrx_word' id='word_1_348' title='bbox 674 3099 751 3150; x_wconf 86' lang='lat' dir='ltr'>natus</span> <span class='ocrx_word' id='word_1_349' title='bbox 765 3099 807 3146; x_wconf 88' lang='lat' dir='ltr'>est</span> <span class='ocrx_word' id='word_1_350' title='bbox 817 3091 942 3146; x_wconf 81' lang='lat' dir='ltr'>Christus.</span> <span class='ocrx_word' id='word_1_351' title='bbox 968 3092 1048 3147; x_wconf 85' lang='lat' dir='ltr'>Recte</span> <span class='ocrx_word' id='word_1_352' title='bbox 1063 3093 1145 3162; x_wconf 86' lang='lat' dir='ltr'>igitur</span> <span class='ocrx_word' id='word_1_353' title='bbox 1161 3091 1202 3146; x_wconf 91' lang='lat' dir='ltr'>bic</span> <span class='ocrx_word' id='word_1_354' title='bbox 1219 3093 1247 3145; x_wconf 94' lang='lat' dir='ltr'>in</span> <span class='ocrx_word' id='word_1_355' title='bbox 1256 3091 1403 3146; x_wconf 86' lang='lat' dir='ltr'>Annalibus</span> <span class='ocrx_word' id='word_1_356' title='bbox 1421 3108 1482 3146; x_wconf 87' lang='lat' dir='ltr'>oon·</span> 
     </span>
     <span class='ocr_line' id='line_1_34' title="bbox 319 3179 544 3233; baseline -0.009 0"><span class='ocrx_word' id='word_1_357' title='bbox 319 3181 424 3233; x_wconf 82' lang='lat' dir='ltr'>stitutus</span> <span class='ocrx_word' id='word_1_358' title='bbox 436 3179 544 3232; x_wconf 81' lang='lat' dir='ltr'>ridetur.</span> 
     </span>
    </p>

    <p class='ocr_par' dir='ltr' id='par_1_7' title="bbox 281 3261 1482 4616">
     <span class='ocr_line' id='line_1_35' title="bbox 386 3261 1482 3335; baseline 0 -17"><span class='ocrx_word' id='word_1_359' title='bbox 386 3265 475 3334; x_wconf 79' lang='lat' dir='ltr'>Pergit</span> <span class='ocrx_word' id='word_1_360' title='bbox 485 3265 512 3316; x_wconf 93' lang='lat' dir='ltr'>in</span> <span class='ocrx_word' id='word_1_361' title='bbox 524 3263 616 3317; x_wconf 88' lang='lat' dir='ltr'>eodem</span> <span class='ocrx_word' id='word_1_362' title='bbox 627 3269 781 3334; x_wconf 87' lang='lat' dir='ltr'>argumento</span> <span class='ocrx_word' id='word_1_363' title='bbox 794 3265 898 3318; x_wconf 90' lang='lat' dir='ltr'>uberius</span> <span class='ocrx_word' id='word_1_364' title='bbox 911 3263 1079 3335; x_wconf 87' lang='lat' dir='ltr'>explicando,</span> <span class='ocrx_word' id='word_1_365' title='bbox 1091 3269 1118 3316; x_wconf 88' lang='lat' dir='ltr'>et</span> <span class='ocrx_word' id='word_1_366' title='bbox 1128 3263 1160 3316; x_wconf 93' lang='lat' dir='ltr'>de</span> <span class='ocrx_word' id='word_1_367' title='bbox 1169 3261 1271 3318; x_wconf 87' lang='lat' dir='ltr'>Iuliana</span> <span class='ocrx_word' id='word_1_368' title='bbox 1279 3263 1407 3318; x_wconf 83' lang='lat' dir='ltr'>bisextilis</span> <span class='ocrx_word' id='word_1_369' title='bbox 1419 3264 1482 3318; x_wconf 83' lang='lat' dir='ltr'>aaut</span> 
     </span>
     <span class='ocr_line' id='line_1_36' title="bbox 319 3349 1482 3420; baseline -0.002 -16"><span class='ocrx_word' id='word_1_370' title='bbox 319 3351 488 3420; x_wconf 86' lang='lat' dir='ltr'>dispositione</span> <span class='ocrx_word' id='word_1_371' title='bbox 499 3353 577 3420; x_wconf 89' lang='lat' dir='ltr'>atque</span> <span class='ocrx_word' id='word_1_372' title='bbox 587 3349 699 3420; x_wconf 84' lang='lat' dir='ltr'>Augusti</span> <span class='ocrx_word' id='word_1_373' title='bbox 710 3351 867 3404; x_wconf 89' lang='lat' dir='ltr'>correctione</span> <span class='ocrx_word' id='word_1_374' title='bbox 876 3349 992 3414; x_wconf 89' lang='lat' dir='ltr'>disserit;</span> <span class='ocrx_word' id='word_1_375' title='bbox 1004 3357 1033 3404; x_wconf 90' lang='lat' dir='ltr'>ut</span> <span class='ocrx_word' id='word_1_376' title='bbox 1043 3353 1166 3420; x_wconf 84' lang='lat' dir='ltr'>appareat</span> <span class='ocrx_word' id='word_1_377' title='bbox 1176 3364 1276 3402; x_wconf 90' lang='lat' dir='ltr'>annum</span> <span class='ocrx_word' id='word_1_378' title='bbox 1285 3349 1373 3413; x_wconf 90' lang='lat' dir='ltr'>illum,</span> <span class='ocrx_word' id='word_1_379' title='bbox 1384 3349 1431 3420; x_wconf 90' lang='lat' dir='ltr'>qui</span> <span class='ocrx_word' id='word_1_380' title='bbox 1442 3353 1482 3402; x_wconf 85' lang='lat' dir='ltr'>est</span> 
     </span>
     <span class='ocr_line' id='line_1_37' title="bbox 281 3432 1480 3500; baseline -0.002 -10"><span class='ocrx_word' id='word_1_381' title='bbox 281 3449 291 3476; x_wconf 83' lang='lat'><em>⁰</em></span> <span class='ocrx_word' id='word_1_382' title='bbox 319 3437 434 3490; x_wconf 85' lang='lat' dir='ltr'>lulianus</span> <span class='ocrx_word' id='word_1_383' title='bbox 445 3451 533 3500; x_wconf 79' lang='lat' dir='ltr'>xnssu,</span> <span class='ocrx_word' id='word_1_384' title='bbox 551 3435 683 3490; x_wconf 89' lang='lat' dir='ltr'>bisextum</span> <span class='ocrx_word' id='word_1_385' title='bbox 699 3433 830 3490; x_wconf 76' lang='lat' dir='ltr'>habuisse</span> <span class='ocrx_word' id='word_1_386' title='bbox 852 3435 956 3488; x_wconf 80' lang='lat' dir='ltr'>Etenim</span> <span class='ocrx_word' id='word_1_387' title='bbox 966 3435 1048 3488; x_wconf 88' lang='lat' dir='ltr'>Iulius</span> <span class='ocrx_word' id='word_1_388' title='bbox 1060 3433 1156 3488; x_wconf 79' lang='lat' dir='ltr'>Cacsar</span> <span class='ocrx_word' id='word_1_389' title='bbox 1171 3449 1240 3488; x_wconf 89' lang='lat' dir='ltr'>anuo</span> <span class='ocrx_word' id='word_1_390' title='bbox 1256 3434 1289 3488; x_wconf 89' lang='lat' dir='ltr'>ab</span> <span class='ocrx_word' id='word_1_391' title='bbox 1301 3433 1332 3488; x_wconf 89' lang='lat' dir='ltr'>U.</span> <span class='ocrx_word' id='word_1_392' title='bbox 1346 3432 1375 3488; x_wconf 84' lang='lat'>0.</span> <span class='ocrx_word' id='word_1_393' title='bbox 1387 3433 1480 3488; x_wconf 84' lang='lat' dir='ltr'>Varro·</span> 
     </span>
     <span class='ocr_line' id='line_1_38' title="bbox 319 3519 1480 3591; baseline -0.003 -16"><span class='ocrx_word' id='word_1_394' title='bbox 319 3523 398 3575; x_wconf 90' lang='lat' dir='ltr'>niano</span> <span class='ocrx_word' id='word_1_395' title='bbox 410 3535 534 3585; x_wconf 76' lang='lat' dir='ltr'>necessu,</span> <span class='ocrx_word' id='word_1_396' title='bbox 549 3537 601 3590; x_wconf 89' lang='lat' dir='ltr'>quc</span> <span class='ocrx_word' id='word_1_397' title='bbox 616 3521 672 3591; x_wconf 90' lang='lat' dir='ltr'>ipse</span> <span class='ocrx_word' id='word_1_398' title='bbox 689 3521 794 3574; x_wconf 89' lang='lat' dir='ltr'>tertium</span> <span class='ocrx_word' id='word_1_399' title='bbox 804 3537 863 3574; x_wconf 90' lang='lat' dir='ltr'>cum</span> <span class='ocrx_word' id='word_1_400' title='bbox 875 3519 971 3590; x_wconf 92' lang='lat' dir='ltr'>Lepido</span> <span class='ocrx_word' id='word_1_401' title='bbox 983 3535 1036 3574; x_wconf 85' lang='lat' dir='ltr'>cos.</span> <span class='ocrx_word' id='word_1_402' title='bbox 1047 3519 1109 3584; x_wconf 85' lang='lat' dir='ltr'>init,</span> <span class='ocrx_word' id='word_1_403' title='bbox 1125 3535 1224 3574; x_wconf 90' lang='lat' dir='ltr'>anuum</span> <span class='ocrx_word' id='word_1_404' title='bbox 1235 3519 1383 3576; x_wconf 81' lang='lat' dir='ltr'>Romanum</span> <span class='ocrx_word' id='word_1_405' title='bbox 1394 3535 1480 3574; x_wconf 86' lang='lat' dir='ltr'>emen·</span> 
     </span>
     <span class='ocr_line' id='line_1_39' title="bbox 320 3605 1481 3676; baseline -0.002 -16"><span class='ocrx_word' id='word_1_406' title='bbox 320 3607 382 3662; x_wconf 87' lang='lat' dir='ltr'>dare</span> <span class='ocrx_word' id='word_1_407' title='bbox 392 3607 430 3660; x_wconf 89' lang='lat' dir='ltr'>sic</span> <span class='ocrx_word' id='word_1_408' title='bbox 444 3611 484 3659; x_wconf 90' lang='lat' dir='ltr'>est</span> <span class='ocrx_word' id='word_1_409' title='bbox 493 3621 646 3676; x_wconf 86' lang='lat' dir='ltr'>aggressus,</span> <span class='ocrx_word' id='word_1_410' title='bbox 657 3611 687 3660; x_wconf 91' lang='lat' dir='ltr'>ut</span> <span class='ocrx_word' id='word_1_411' title='bbox 698 3606 818 3676; x_wconf 81' lang='lat' dir='ltr'>deinceps</span> <span class='ocrx_word' id='word_1_412' title='bbox 829 3625 864 3660; x_wconf 82' lang='grc' dir='ltr'>ιι.</span> <span class='ocrx_word' id='word_1_413' title='bbox 876 3621 980 3676; x_wconf 88' lang='lat' dir='ltr'>qnoque</span> <span class='ocrx_word' id='word_1_414' title='bbox 992 3621 1060 3658; x_wconf 89' lang='lat' dir='ltr'>anuo</span> <span class='ocrx_word' id='word_1_415' title='bbox 1072 3605 1185 3660; x_wconf 91' lang='lat' dir='ltr'>solidum</span> <span class='ocrx_word' id='word_1_416' title='bbox 1196 3605 1265 3660; x_wconf 89' lang='lat' dir='ltr'>diem</span> <span class='ocrx_word' id='word_1_417' title='bbox 1275 3605 1481 3660; x_wconf 88' lang='lat' dir='ltr'>intercalandum</span> 
     </span>
     <span class='ocr_line' id='line_1_40' title="bbox 319 3691 1480 3762; baseline -0.002 -16"><span class='ocrx_word' id='word_1_418' title='bbox 319 3692 469 3747; x_wconf 76' lang='lat' dir='ltr'>decreverit.</span> <span class='ocrx_word' id='word_1_419' title='bbox 492 3693 530 3746; x_wconf 88' lang='lat' dir='ltr'>Ac</span> <span class='ocrx_word' id='word_1_420' title='bbox 541 3693 565 3746; x_wconf 89' lang='lat' dir='ltr'>si</span> <span class='ocrx_word' id='word_1_421' title='bbox 575 3707 644 3746; x_wconf 89' lang='lat' dir='ltr'>annu</span> <span class='ocrx_word' id='word_1_422' title='bbox 656 3693 701 3746; x_wconf 92' lang='lat' dir='ltr'>illo</span> <span class='ocrx_word' id='word_1_423' title='bbox 717 3691 918 3756; x_wconf 85' lang='lat' dir='ltr'>emendationis,</span> <span class='ocrx_word' id='word_1_424' title='bbox 936 3707 1014 3761; x_wconf 87' lang='lat' dir='ltr'>quem</span> <span class='ocrx_word' id='word_1_425' title='bbox 1025 3691 1174 3745; x_wconf 76' lang='lat' dir='ltr'>Macrobius</span> <span class='ocrx_word' id='word_1_426' title='bbox 1186 3691 1347 3746; x_wconf 82' lang='lat' dir='ltr'>contusionis</span> <span class='ocrx_word' id='word_1_427' title='bbox 1359 3691 1480 3762; x_wconf 82' lang='lat' dir='ltr'>appellet,</span> 
     </span>
     <span class='ocr_line' id='line_1_41' title="bbox 319 3775 1481 3849; baseline -0.003 -16"><span class='ocrx_word' id='word_1_428' title='bbox 319 3778 384 3833; x_wconf 91' lang='lat' dir='ltr'>nibil</span> <span class='ocrx_word' id='word_1_429' title='bbox 395 3782 495 3849; x_wconf 87' lang='lat' dir='ltr'>praeter</span> <span class='ocrx_word' id='word_1_430' title='bbox 505 3793 609 3831; x_wconf 87' lang='lat' dir='ltr'>meuses</span> <span class='ocrx_word' id='word_1_431' title='bbox 622 3793 652 3830; x_wconf 91' lang='lat' dir='ltr'>ac</span> <span class='ocrx_word' id='word_1_432' title='bbox 661 3777 717 3830; x_wconf 89' lang='lat' dir='ltr'>dies</span> <span class='ocrx_word' id='word_1_433' title='bbox 729 3777 918 3841; x_wconf 84' lang='lat' dir='ltr'>intercalasset,</span> <span class='ocrx_word' id='word_1_434' title='bbox 928 3777 961 3835; x_wconf 82' lang='lat' dir='ltr'>ab</span> <span class='ocrx_word' id='word_1_435' title='bbox 973 3793 1003 3830; x_wconf 91' lang='lat' dir='ltr'>eu</span> <span class='ocrx_word' id='word_1_436' title='bbox 1013 3777 1070 3847; x_wconf 84' lang='lat' dir='ltr'>ipso</span> <span class='ocrx_word' id='word_1_437' title='bbox 1080 3776 1242 3830; x_wconf 83' lang='lat' dir='ltr'>bisextilium</span> <span class='ocrx_word' id='word_1_438' title='bbox 1251 3791 1380 3832; x_wconf 86' lang='lat' dir='ltr'>annorum</span> <span class='ocrx_word' id='word_1_439' title='bbox 1387 3775 1481 3830; x_wconf 83' lang='lat' dir='ltr'>dueen-</span> 
     </span>
     <span class='ocr_line' id='line_1_42' title="bbox 320 3859 1479 3932; baseline -0.002 -14"><span class='ocrx_word' id='word_1_440' title='bbox 320 3865 383 3918; x_wconf 89' lang='lat' dir='ltr'>dum</span> <span class='ocrx_word' id='word_1_441' title='bbox 398 3863 493 3917; x_wconf 87' lang='lat' dir='ltr'>tuisset</span> <span class='ocrx_word' id='word_1_442' title='bbox 509 3863 657 3928; x_wconf 83' lang='lat' dir='ltr'>exordium,</span> <span class='ocrx_word' id='word_1_443' title='bbox 673 3863 712 3916; x_wconf 88' lang='lat' dir='ltr'>ita</span> <span class='ocrx_word' id='word_1_444' title='bbox 728 3868 759 3918; x_wconf 92' lang='lat' dir='ltr'>ut</span> <span class='ocrx_word' id='word_1_445' title='bbox 773 3863 872 3932; x_wconf 90' lang='lat' dir='ltr'>primus</span> <span class='ocrx_word' id='word_1_446' title='bbox 889 3881 925 3916; x_wconf 82' lang='grc' dir='ltr'>ιι.</span> <span class='ocrx_word' id='word_1_447' title='bbox 942 3867 1002 3932; x_wconf 89' lang='lat' dir='ltr'>post</span> <span class='ocrx_word' id='word_1_448' title='bbox 1015 3878 1084 3916; x_wconf 89' lang='lat' dir='ltr'>auno</span> <span class='ocrx_word' id='word_1_449' title='bbox 1102 3861 1199 3932; x_wconf 84' lang='lat' dir='ltr'>Lepido</span> <span class='ocrx_word' id='word_1_450' title='bbox 1217 3879 1245 3918; x_wconf 86' lang='grc' dir='ltr'>ιι.</span> <span class='ocrx_word' id='word_1_451' title='bbox 1260 3868 1289 3916; x_wconf 91' lang='lat' dir='ltr'>et</span> <span class='ocrx_word' id='word_1_452' title='bbox 1303 3859 1400 3916; x_wconf 83' lang='lat' dir='ltr'>Planco</span> <span class='ocrx_word' id='word_1_453' title='bbox 1416 3878 1479 3916; x_wconf 69' lang='lat' dir='ltr'>eom</span> 
     </span>
     <span class='ocr_line' id='line_1_43' title="bbox 320 3945 1479 4020; baseline -0.002 -18"><span class='ocrx_word' id='word_1_454' title='bbox 320 3955 486 4020; x_wconf 81' lang='lat' dir='ltr'>congrueret,</span> <span class='ocrx_word' id='word_1_455' title='bbox 513 3964 566 4020; x_wconf 88' lang='lat' dir='ltr'>qua</span> <span class='ocrx_word' id='word_1_456' title='bbox 587 3949 688 4002; x_wconf 87' lang='lat' dir='ltr'>ratione</span> <span class='ocrx_word' id='word_1_457' title='bbox 709 3963 756 4018; x_wconf 90' lang='lat' dir='ltr'>per</span> <span class='ocrx_word' id='word_1_458' title='bbox 779 3948 949 4018; x_wconf 84' lang='lat' dir='ltr'>quadriennis</span> <span class='ocrx_word' id='word_1_459' title='bbox 971 3946 1149 4002; x_wconf 88' lang='lat' dir='ltr'>descendendo</span> <span class='ocrx_word' id='word_1_460' title='bbox 1172 3947 1302 4000; x_wconf 82' lang='lat' dir='ltr'>bisextilis</span> <span class='ocrx_word' id='word_1_461' title='bbox 1327 3945 1479 4000; x_wconf 84' lang='lat' dir='ltr'>undecimus</span> 
     </span>
     <span class='ocr_line' id='line_1_44' title="bbox 319 4030 1477 4098; baseline -0.002 -10"><span class='ocrx_word' id='word_1_462' title='bbox 319 4053 372 4090; x_wconf 90' lang='lat' dir='ltr'>non</span> <span class='ocrx_word' id='word_1_463' title='bbox 391 4036 420 4089; x_wconf 93' lang='lat' dir='ltr'>in</span> <span class='ocrx_word' id='word_1_464' title='bbox 437 4053 511 4090; x_wconf 79' lang='lat' dir='ltr'>xum.</span> <span class='ocrx_word' id='word_1_465' title='bbox 529 4050 546 4087; x_wconf 88' lang='lat' dir='ltr'>a</span> <span class='ocrx_word' id='word_1_466' title='bbox 565 4034 721 4088; x_wconf 88' lang='lat' dir='ltr'>correctione</span> <span class='ocrx_word' id='word_1_467' title='bbox 742 4049 852 4098; x_wconf 82' lang='lat' dir='ltr'>mnam,</span> <span class='ocrx_word' id='word_1_468' title='bbox 874 4033 919 4086; x_wconf 88' lang='lat' dir='ltr'>sed</span> <span class='ocrx_word' id='word_1_469' title='bbox 939 4034 966 4086; x_wconf 92' lang='lat' dir='ltr'>in</span> <span class='ocrx_word' id='word_1_470' title='bbox 984 4049 1068 4097; x_wconf 71' lang='lat' dir='ltr'>rara,</span> <span class='ocrx_word' id='word_1_471' title='bbox 1088 4031 1138 4085; x_wconf 91' lang='lat' dir='ltr'>boc</span> <span class='ocrx_word' id='word_1_472' title='bbox 1155 4037 1207 4098; x_wconf 90' lang='lat' dir='ltr'>est,</span> <span class='ocrx_word' id='word_1_473' title='bbox 1224 4047 1277 4084; x_wconf 89' lang='lat' dir='ltr'>non</span> <span class='ocrx_word' id='word_1_474' title='bbox 1294 4031 1322 4084; x_wconf 92' lang='lat' dir='ltr'>in</span> <span class='ocrx_word' id='word_1_475' title='bbox 1338 4030 1477 4086; x_wconf 87' lang='lat' dir='ltr'>Lentulum</span> 
     </span>
     <span class='ocr_line' id='line_1_45' title="bbox 320 4117 1476 4188; baseline -0.002 -16"><span class='ocrx_word' id='word_1_476' title='bbox 320 4125 347 4173; x_wconf 91' lang='lat' dir='ltr'>et</span> <span class='ocrx_word' id='word_1_477' title='bbox 361 4121 545 4186; x_wconf 75' lang='lat' dir='ltr'>Messalinum,</span> <span class='ocrx_word' id='word_1_478' title='bbox 567 4119 613 4173; x_wconf 87' lang='lat' dir='ltr'>sed</span> <span class='ocrx_word' id='word_1_479' title='bbox 633 4120 662 4174; x_wconf 88' lang='lat' dir='ltr'>iu</span> <span class='ocrx_word' id='word_1_480' title='bbox 678 4119 828 4188; x_wconf 87' lang='lat' dir='ltr'>Angustum</span> <span class='ocrx_word' id='word_1_481' title='bbox 845 4137 902 4174; x_wconf 85' lang='lat' dir='ltr'>xru.</span> <span class='ocrx_word' id='word_1_482' title='bbox 919 4123 946 4172; x_wconf 92' lang='lat' dir='ltr'>et</span> <span class='ocrx_word' id='word_1_483' title='bbox 961 4117 1093 4172; x_wconf 80' lang='lat' dir='ltr'>Flentium</span> <span class='ocrx_word' id='word_1_484' title='bbox 1115 4133 1183 4172; x_wconf 88' lang='lat' dir='ltr'>coss.</span> <span class='ocrx_word' id='word_1_485' title='bbox 1205 4118 1361 4183; x_wconf 90' lang='lat' dir='ltr'>incurreret,</span> <span class='ocrx_word' id='word_1_486' title='bbox 1383 4118 1476 4188; x_wconf 88' lang='lat' dir='ltr'>quibus</span> 
     </span>
     <span class='ocr_line' id='line_1_46' title="bbox 321 4201 1479 4274; baseline -0.003 -16"><span class='ocrx_word' id='word_1_487' title='bbox 321 4203 417 4258; x_wconf 80' lang='lat' dir='ltr'>Christi</span> <span class='ocrx_word' id='word_1_488' title='bbox 436 4207 550 4260; x_wconf 89' lang='lat' dir='ltr'>natalem</span> <span class='ocrx_word' id='word_1_489' title='bbox 568 4203 722 4274; x_wconf 73' lang='lat' dir='ltr'>assignabat</span> <span class='ocrx_word' id='word_1_490' title='bbox 741 4201 873 4258; x_wconf 83' lang='lat' dir='ltr'>Onutrius.</span> <span class='ocrx_word' id='word_1_491' title='bbox 915 4203 949 4258; x_wconf 91' lang='lat' dir='ltr'>At</span> <span class='ocrx_word' id='word_1_492' title='bbox 965 4203 991 4258; x_wconf 90' lang='lat' dir='ltr'>id</span> <span class='ocrx_word' id='word_1_493' title='bbox 1008 4219 1084 4256; x_wconf 88' lang='lat' dir='ltr'>secus</span> <span class='ocrx_word' id='word_1_494' title='bbox 1104 4219 1133 4256; x_wconf 90' lang='lat' dir='ltr'>se</span> <span class='ocrx_word' id='word_1_495' title='bbox 1150 4201 1248 4256; x_wconf 87' lang='lat' dir='ltr'>babuit.</span> <span class='ocrx_word' id='word_1_496' title='bbox 1290 4201 1359 4256; x_wconf 87' lang='lat' dir='ltr'>Nam</span> <span class='ocrx_word' id='word_1_497' title='bbox 1380 4207 1479 4272; x_wconf 91' lang='lat' dir='ltr'>praeter</span> 
     </span>
     <span class='ocr_line' id='line_1_47' title="bbox 321 4286 1477 4359; baseline -0.001 -16"><span class='ocrx_word' id='word_1_498' title='bbox 321 4289 462 4344; x_wconf 89' lang='lat' dir='ltr'>solidorum</span> <span class='ocrx_word' id='word_1_499' title='bbox 476 4291 576 4344; x_wconf 88' lang='lat' dir='ltr'>dierum</span> <span class='ocrx_word' id='word_1_500' title='bbox 590 4288 812 4343; x_wconf 87' lang='lat' dir='ltr'>intercalationem</span> <span class='ocrx_word' id='word_1_501' title='bbox 828 4287 957 4359; x_wconf 85' lang='lat' dir='ltr'>quadrans</span> <span class='ocrx_word' id='word_1_502' title='bbox 978 4289 1084 4359; x_wconf 86' lang='lat' dir='ltr'>insuper</span> <span class='ocrx_word' id='word_1_503' title='bbox 1101 4287 1164 4353; x_wconf 90' lang='lat' dir='ltr'>diei,</span> <span class='ocrx_word' id='word_1_504' title='bbox 1185 4287 1255 4358; x_wconf 90' lang='lat' dir='ltr'>qnod</span> <span class='ocrx_word' id='word_1_505' title='bbox 1276 4286 1382 4342; x_wconf 84' lang='lat' dir='ltr'>Solinus</span> <span class='ocrx_word' id='word_1_506' title='bbox 1398 4287 1477 4350; x_wconf 75' lang='lat' dir='ltr'>docet,</span> 
     </span>
     <span class='ocr_line' id='line_1_48' title="bbox 321 4372 1478 4444; baseline -0.003 -16"><span class='ocrx_word' id='word_1_507' title='bbox 321 4391 339 4428; x_wconf 90' lang='lat' dir='ltr'>a</span> <span class='ocrx_word' id='word_1_508' title='bbox 350 4374 457 4428; x_wconf 71' lang='lat' dir='ltr'>(leonte</span> <span class='ocrx_word' id='word_1_509' title='bbox 468 4375 641 4430; x_wconf 85' lang='lat' dir='ltr'>estadiectus.</span> <span class='ocrx_word' id='word_1_510' title='bbox 674 4373 757 4439; x_wconf 78' lang='lat' dir='ltr'>Quem</span> <span class='ocrx_word' id='word_1_511' title='bbox 768 4379 798 4427; x_wconf 93' lang='lat' dir='ltr'>nt</span> <span class='ocrx_word' id='word_1_512' title='bbox 808 4375 981 4439; x_wconf 88' lang='lat' dir='ltr'>intercalerst,</span> <span class='ocrx_word' id='word_1_513' title='bbox 998 4375 1060 4444; x_wconf 88' lang='lat' dir='ltr'>quie</span> <span class='ocrx_word' id='word_1_514' title='bbox 1075 4375 1146 4428; x_wconf 86' lang='lat' dir='ltr'>solue</span> <span class='ocrx_word' id='word_1_515' title='bbox 1163 4372 1223 4427; x_wconf 92' lang='lat' dir='ltr'>addi</span> <span class='ocrx_word' id='word_1_516' title='bbox 1234 4389 1288 4426; x_wconf 93' lang='lat' dir='ltr'>non</span> <span class='ocrx_word' id='word_1_517' title='bbox 1303 4377 1421 4442; x_wconf 88' lang='lat' dir='ltr'>poterat,</span> <span class='ocrx_word' id='word_1_518' title='bbox 1437 4389 1478 4426; x_wconf 89' lang='lat' dir='ltr'>no·</span> 
     </span>
     <span class='ocr_line' id='line_1_49' title="bbox 322 4458 1477 4530; baseline -0.002 -16"><span class='ocrx_word' id='word_1_519' title='bbox 322 4475 395 4514; x_wconf 85' lang='lat' dir='ltr'>cesse</span> <span class='ocrx_word' id='word_1_520' title='bbox 405 4459 455 4512; x_wconf 89' lang='lat' dir='ltr'>tuit</span> <span class='ocrx_word' id='word_1_521' title='bbox 465 4461 534 4514; x_wconf 84' lang='lat' dir='ltr'>utin</span> <span class='ocrx_word' id='word_1_522' title='bbox 542 4479 578 4516; x_wconf 84' lang='grc' dir='ltr'>ιι.</span> <span class='ocrx_word' id='word_1_523' title='bbox 591 4475 689 4516; x_wconf 87' lang='lat' dir='ltr'>anuum</span> <span class='ocrx_word' id='word_1_524' title='bbox 699 4459 859 4525; x_wconf 62' lang='lat' dir='ltr'>diffamatum</span> <span class='ocrx_word' id='word_1_525' title='bbox 875 4459 957 4514; x_wconf 90' lang='lat' dir='ltr'>denec</span> <span class='ocrx_word' id='word_1_526' title='bbox 965 4459 1086 4514; x_wconf 76' lang='lat' dir='ltr'>videlicet</span> <span class='ocrx_word' id='word_1_527' title='bbox 1101 4475 1137 4513; x_wconf 86' lang='lat' dir='ltr'>ex</span> <span class='ocrx_word' id='word_1_528' title='bbox 1149 4458 1293 4530; x_wconf 79' lang='lat' dir='ltr'>quadrante</span> <span class='ocrx_word' id='word_1_529' title='bbox 1303 4458 1349 4512; x_wconf 90' lang='lat' dir='ltr'>illc</span> <span class='ocrx_word' id='word_1_530' title='bbox 1361 4465 1389 4512; x_wconf 90' lang='lat' dir='ltr'>et</span> <span class='ocrx_word' id='word_1_531' title='bbox 1400 4459 1477 4519; x_wconf 84' lang='lat' dir='ltr'>tribus</span> 
     </span>
     <span class='ocr_line' id='line_1_50' title="bbox 321 4543 1477 4616; baseline -0.002 -14"><span class='ocrx_word' id='word_1_532' title='bbox 321 4545 379 4602; x_wconf 89' lang='lat' dir='ltr'>aliis</span> <span class='ocrx_word' id='word_1_533' title='bbox 390 4543 499 4598; x_wconf 87' lang='lat' dir='ltr'>totidem</span> <span class='ocrx_word' id='word_1_534' title='bbox 509 4545 723 4616; x_wconf 88' lang='lat' dir='ltr'>consequentium</span> <span class='ocrx_word' id='word_1_535' title='bbox 733 4561 861 4600; x_wconf 89' lang='lat' dir='ltr'>annorum</span> <span class='ocrx_word' id='word_1_536' title='bbox 872 4545 927 4601; x_wconf 91' lang='lat' dir='ltr'>dies</span> <span class='ocrx_word' id='word_1_537' title='bbox 938 4549 1100 4616; x_wconf 84' lang='lat' dir='ltr'>exsurgeret.</span> <span class='ocrx_word' id='word_1_538' title='bbox 1122 4545 1214 4616; x_wconf 86' lang='lat' dir='ltr'>ltaque</span> <span class='ocrx_word' id='word_1_539' title='bbox 1224 4545 1340 4614; x_wconf 83' lang='lat' dir='ltr'>primum</span> <span class='ocrx_word' id='word_1_540' title='bbox 1349 4543 1477 4600; x_wconf 84' lang='lat' dir='ltr'>bissextum</span> 
     </span>
    </p>
   </div>
   <div class='ocr_carea' id='block_1_6' title="bbox 0 0 1576 5044">
    <p class='ocr_par' dir='ltr' id='par_1_8' title="bbox 0 0 1576 5044">
     <span class='ocr_line' id='line_1_51' title="bbox 0 0 1576 5044; baseline 0 0"><span class='ocrx_word' id='word_1_541' title='bbox 0 0 1576 5044; x_wconf 95' lang='lat' dir='ltr'> </span> 
     </span>
    </p>
   </div>
  </div>
 </body>
</html>
