3166 5044
1185 331 1287 430 uu

125 509 179 546 esse
189 495 376 562 praenoscas
396 499 421 543 st
439 491 598 544 aaronem.
625 489 671 543 Sic
687 493 753 544 caios
769 491 843 544 abac
858 499 896 544 eet
911 505 964 543 esse
973 489 1092 544 δοιοὺοοι
1106 507 1182 562 paam
1191 491 1286 544 Phari·

122 596 225 642 sacam
237 581 298 648 qaia
309 576 427 629 Scribam
440 593 492 628 esse
508 587 545 629 est
556 593 609 629 esse
619 580 757 646 sapientem
767 579 796 628 ιό
807 579 873 646 lepe,
885 575 1055 629 Pharisaeus
1064 593 1116 630 esee
1125 586 1183 630 erat
1193 577 1286 630 habere

122 666 223 717 κιοάνικ
240 672 334 716 cmm
348 663 451 714 vivendi
466 671 491 715 et
505 670 607 714 scolam.
636 661 673 714 Et
683 672 766 714 tamon
782 663 881 715 acacii
891 663 994 714 οιιιιάοοι
1015 679 1068 715 esse
1081 661 1251 715 Pharisaeus:
1263 670 1288 715 et

123 749 256 813 Scribam,
267 751 297 802 ta
308 756 345 800 est
355 750 454 800 ιίοοοοο
465 752 492 800 ia
504 749 566 815 leae.
583 747 750 800 bisldonatus
760 747 800 800 rir
811 747 975 801 doctissimus
987 747 1021 800 sd
1032 763 1087 818 cap.
1096 763 1124 801 11.
1135 749 1198 803 Mat.
1215 747 1286 802 Scri·

124 837 170 888 bas
177 837 287 905 proprie
298 836 414 888 nolanos
420 833 538 904 publicos
545 835 630 902 fin'sse
647 834 731 898 docet,
748 849 850 902 ονοιννοι
867 835 959 903 staples
974 841 1032 887 erat
1042 836 1164 904 officiam,
1180 835 1287 887 alaram

119 921 230 990 publica
254 923 420 970 instromenta
438 920 597 988 conficiendi,
618 919 725 970 alteram
741 935 834 971 sacras
848 918 1001 988 Scripturas
1022 921 1210 988 interpretandi
1229 928 1254 972 ct
1268 939 1287 972 a

124 1005 272 1074 corruptela
283 1005 442 1058 οιόὀὺοοοιὶι.
453 1002 526 1058 Unde
536 1003 615 1058 iidem
626 1002 729 1074 νομικοὶ,
741 1007 769 1056 et
778 1002 991 1074 νομοδιδάσκαλοι,
1003 1009 1030 1057 ot
1037 1007 1188 1076 γρομμοιτέὶς
1199 1005 1287 1076 appel-

123 1091 220 1146 lantur.
239 1088 400 1160 Epiphanius
411 1104 473 1142 vero
483 1089 511 1143 in
522 1089 643 1160 sequenti
653 1088 754 1142 haeresi
765 1088 879 1158 νομικοὺς
890 1088 1013 1142 ascribis
1023 1090 1167 1144 discernae
1177 1090 1287 1144 ridetur.

124 1176 167 1230 Ait
184 1175 257 1230 enim
272 1173 427 1230 Pharisaeos
443 1175 534 1228 eadem
550 1191 612 1229 cnm
628 1173 726 1228 Scribis
743 1175 865 1228 sensisse.
899 1174 1071 1245 Γρομμοτιὺοι
1088 1174 1127 1244 bt,
1145 1175 1218 1246 ρημὶ,
1236 1179 1287 1238 τοὶς

125 1258 324 1331 ἱρμηνευομένοις
336 1257 566 1330 νομοδιδαοκάλοις·
580 1263 686 1327 συνῆσαν
698 1258 745 1331 γὰρ
757 1258 840 1320 αὐτοῖς
852 1259 892 1311 καὶ
904 1259 927 1312 οὶ
938 1259 1049 1332 Νομικοί.
1065 1261 1200 1316 Hancnon
1210 1263 1287 1316 modo

123 1345 265 1416 Epiphanii
282 1346 430 1415 opinionem
446 1362 518 1410 esse,
535 1361 625 1400 verum
641 1346 721 1399 etism
731 1345 818 1399 Lucae
832 1343 983 1400 'testimonio
1001 1347 1162 1416 comprobari
1178 1346 1288 1402 Drneius

123 1433 266 1485 arbitretur
276 1431 321 1486 lib.
335 1448 364 1484 n.
376 1429 407 1484 cle
417 1432 500 1486 tribus
512 1431 596 1486 Sectis
608 1447 664 1502 cap.
676 1448 734 1486 xus.
760 1430 828 1485 Nam
839 1447 900 1486 cnm
911 1430 1027 1484 Christus
1039 1447 1105 1487 com.
1116 1431 1158 1485 45.
1170 1432 1288 1498 dixisset,

94 1497 99 1512 ¹
124 1515 187 1569 Οὖοὶ
204 1515 262 1586 ὑμῖν
280 1517 434 1587 Γραμματέῖς
455 1516 495 1569 καὶ
512 1517 645 1587 Φαρισαῖοι
662 1515 803 1587 ὑποκριταὶ,
820 1513 857 1568 ὅτι
873 1515 927 1569 ἐπὶ
946 1513 980 1578 ὧς
992 1517 1023 1569 τὰ
1034 1521 1140 1588 μνημοῖα
1156 1519 1186 1570 τὰ
1198 1514 1287 1585 ἄδηλα,

128 1607 177 1656 etc.
214 1601 270 1654 Vae
285 1603 356 1655 ochis
365 1601 474 1654 Scribas
489 1611 515 1656 et
523 1601 665 1654 Pharisaei
675 1601 837 1672 hypocritae,
860 1606 921 1672 osia
933 1607 993 1656 cetis
1003 1611 1212 1668 crassamento,
1224 1621 1288 1674 qnae

124 1705 172 1740 accc
184 1698 324 1757 apparent,
342 1688 431 1742 statim
442 1687 549 1758 quidum
560 1689 609 1739 τῶν
621 1689 728 1757 νομικῶν
739 1689 891 1757 respondeas
907 1689 1010 1740 attilii:
1027 1687 1102 1741 Haec
1114 1691 1201 1741 diceas
1212 1695 1288 1743 eham

125 1774 301 1826 contumeliam
312 1773 471 1842 achissacis.
490 1773 556 1828 Tam
574 1773 647 1826 Iesus
663 1771 704 1823 καὶ
721 1771 777 1842 ὑμῖν
794 1774 845 1833 τοῖς
856 1772 974 1842 Νομικοῖς
991 1770 1059 1841 obal,
1071 1773 1109 1826 Et
1117 1775 1187 1826 cobis
1198 1775 1288 1844 Lepin-

120 1861 215 1926 pcritr's
237 1875 299 1910 cccc
317 1858 393 1928 qnasi
404 1857 501 1912 diceret
516 1858 706 1928 Legisperitus:
724 1856 784 1911 Non
799 1857 885 1910 sclam
901 1857 1005 1911 Scribas
1017 1863 1045 1911 et
1057 1857 1225 1926 Pharisaeos,
1240 1861 1288 1915 sel

125 1943 204 1996 etiam
215 1959 265 1996 nos
277 1943 404 2013 νομικοὺς,
421 1944 448 1996 id
460 1949 500 1998 est
510 1941 698 2014 Legieperitcs,
713 1949 798 1998 uotss=
827 1943 897 2012 Ergo
914 1943 1008 1998 fflvsrsi
1018 1943 1181 2015 aliquantum
1193 1946 1288 2016 νομικοὶ

124 2045 141 2080 a
151 2028 259 2082 Scribis.
277 2027 395 2098 Scaliger
405 2045 467 2082 rsro
483 2029 512 2084 in
522 2027 636 2082 Elencha
652 2043 708 2100 cap.
718 2046 755 2083 xr.
766 2029 794 2082 in
805 2028 898 2084 eodem
907 2027 1045 2100 Epiphsuii
1053 2030 1110 2084 loco
1119 2029 1235 2085 Serrario
1247 2048 1288 2086 ar·

123 2119 248 2184 rogantes
258 2115 388 2168 insultans
400 2114 515 2186 νομικοὺς
526 2116 564 2170 ait
569 2119 678 2186 proprie
686 2117 816 2184 famulas
831 2119 897 2168 iaris
908 2123 933 2168 et
943 2119 1056 2169 actiones
1067 2118 1155 2170 civiles
1166 2119 1287 2182 domim,

124 2203 284 2268 cosorehsc'a
295 2205 379 2268 anais
391 2209 526 2257 acetosa.
548 2199 583 2256 Et
592 2206 685 2272 postes
696 2200 807 2255 eundem
818 2199 964 2256 cenenum
974 2201 1133 2273 insequitur,
1146 2203 1214 2274 quod
1226 2204 1288 2257 scri·

124 2285 169 2338 bas
181 2285 251 2355 legis
261 2301 321 2338 cum
332 2286 423 2340 scribis
434 2287 525 2358 populi
537 2293 563 2340 st
568 2287 690 2340 actuariis
700 2287 812 2356 publicis
823 2285 974 2341 contuderit
991 2286 1049 2342 Duo
1061 2289 1132 2342 enim
1143 2290 1288 2343 scribarum

123 2387 222 2441 genera
234 2371 383 2437 conen'tnit,
394 2375 545 2443 γραμματέῑς
557 2376 601 2424 τοῦ
613 2373 703 2442 νόμον,
716 2370 756 2424 καὶ
767 2375 918 2443 γραμματεῖς
926 2377 970 2425 τοῦ
982 2371 1059 2442 λαοῦ,
1071 2374 1153 2428 ethos
1161 2376 1289 2446 posterio-

123 2473 163 2510 res
175 2462 279 2510 actores
290 2457 333 2510 rel
344 2459 475 2511 actuarios
486 2459 604 2528 publicos
615 2457 696 2511 luisee
707 2463 790 2528 putat
811 2457 866 2512 Nos
878 2463 975 2512 attente
987 2459 1153 2514 consideratis
1165 2461 1287 2515 omnibus

97 2573 107 2594 ι
123 2561 177 2596 uon
188 2543 340 2598 dubitamus
352 2544 416 2614 quin
428 2543 613 2614 capitolitiam
624 2543 678 2597 sint
688 2559 749 2597 cnm
760 2543 852 2597 scribis
863 2549 891 2598 et
901 2544 1120 2616 νομοὺιδιιοκάλοις
1131 2547 1200 2618 apud
1211 2561 1289 2602 evan-

125 2629 245 2698 gelistes.
268 2627 337 2683 Nam
349 2629 380 2683 de
391 2629 529 2701 Epiphania*
543 2630 601 2682 laco
618 2636 709 2700 poetes
719 2629 872 2695 viderimus3
884 2629 1000 2701 adeoque
1011 2631 1161 2686 foedissime
1171 2632 1289 2702 Scaliger

124 2711 300 2768 hallucinatur
311 2731 371 2770 cum
383 2715 496 2786 νομικοὺς
508 2715 637 2768 ιιοὶιιονὺοο
648 2715 766 2785 publicos
777 2731 835 2769 csse
847 2715 933 2779 ‹locet3
950 2732 1001 2786 quc
1012 2716 1079 2770 nihil
1093 2717 1207 2788 ineptius
1219 2717 1288 2772 exci-
1314 2737 1335 2778 ο.
1347 2725 1379 2767 sn

127 2799 187 2852 dere
199 2800 293 2870 potuit.
322 2800 391 2854 Nam
406 2806 436 2854 nt
447 2799 532 2854 Lucae
542 2801 587 2854 illo
598 2801 655 2870 ipso
667 2801 736 2866 loco,
749 2800 780 2854 de
792 2817 843 2870 quo
854 2801 932 2872 paulo
944 2807 1016 2872 pest,
1027 2807 1099 2868 utar,
1110 2817 1172 2856 cnm
1183 2816 1238 2873 cap.
1250 2821 1288 2870 ιι,

126 2885 168 2940 tc.
183 2885 218 2938 sd
230 2885 344 2955 νομικοὺς
356 2886 473 2940 aratione
484 2901 608 2940 conversa
618 2887 657 2940 ita
667 2903 712 2940 ecs
724 2884 841 2940 Christus
853 2887 981 2957 exagitat:
998 2886 1039 2938 κοὶ
1050 2885 1108 2958 ὑμῖν
1117 2890 1168 2950 τοῖς
1180 2891 1288 2959 νομικοῖς

124 2969 194 3039 οὺιιί,
213 2974 275 3041 qaia
286 2976 399 3024 oneratis
409 2972 521 3026 homines
531 2973 659 3037 οκονίὺιικ,
676 2989 741 3042 quac
747 2980 855 3042 portare
866 2991 915 3025 aaa
921 2981 1040 3044 purant,
1051 2983 1077 3027 st
1086 2978 1138 3044 ipsi
1147 2993 1197 3028 ano
1208 2977 1289 3044 dipito

124 3065 208 3110 astro
220 3074 270 3109 noa
281 3061 387 3126 tansitis
402 3063 536 3110 sarcinare
553 3073 617 3110 unm
633 3057 740 3111 tandem
755 3057 883 3111 actuarios
900 3059 1020 3129 publicos
1037 3064 1064 3113 et
1083 3060 1197 3114 clvilinm
1209 3061 1289 3116 actio·

127 3159 191 3196 num
208 3142 375 3196 formularioe
392 3142 534 3207 intellexit,
551 3157 582 3195 ac
597 3159 651 3196 non
665 3142 753 3214 potius
769 3143 836 3214 legis
851 3143 1004 3214 interpretes
1015 3159 1047 3198 ac
1058 3144 1194 3200 doctores?
1223 3146 1289 3202 Gum

126 3229 284 3300 passertim
294 3228 387 3282 Metth.
400 3245 475 3282 xxcii.
490 3227 560 3282 ilem
576 3227 673 3282 Scribis
690 3233 718 3282 st
727 3228 886 3294 Pharisaeis,
902 3229 972 3300 quod
989 3231 1059 3302 apul
1068 3231 1167 3286 Lucam
1182 3235 1233 3294 τοῖς
1249 3249 1289 3285 νο·

131 3318 225 3384 μικοῑς,
244 3314 376 3368 obiectum
391 3315 439 3380 eit,
456 3329 550 3384 nempe
567 3317 633 3384 qaod
649 3315 792 3384 alliparcat
803 3333 882 3368 caera
897 3319 994 3384 prasio
1005 3305 1215 3386 etimportahs'lia
1234 3327 1289 3382 etc,

130 3403 210 3469 ‹lr'qito
223 3409 307 3452 nutem
314 3417 358 3453 οιιο
369 3401 463 3453 acuent
473 3418 504 3452 ca
515 3418 620 3457 οιοοοκι.
650 3390 734 3465 Quare
745 3399 840 3472 νομικοὶ
851 3400 884 3455 acl
896 3399 1014 3468 Scribas,
1025 3403 1068 3456 vel
1078 3402 1237 3470 Pharisaeos,
1248 3405 1290 3458 rel

127 3491 254 3557 uncaque
265 3485 403 3556 pertinent.
439 3484 508 3540 Seue
521 3487 565 3556 qni
575 3485 668 3541 Mettis.
680 3503 737 3558 cup.
748 3503 813 3552 xxn,
824 3485 865 3543 35.
882 3487 994 3557 νομικὺς,
1011 3503 1029 3542 a
1043 3493 1133 3543 nostro
1149 3491 1290 3562 interprete

127 3572 204 3640 Lapis
216 3574 306 3624 ducar
317 3571 417 3638 dicitur,
428 3571 498 3626 idem
511 3573 594 3626 nuci
604 3589 651 3638 xrs,
663 3571 704 3628 28.
720 3566 752 3633 οἷς
768 3575 817 3624 τῶν
829 3572 996 3644 Γρομμοκέων
1009 3575 1168 3631 nominatur.
1203 3576 1289 3648 Atque

127 3658 190 3712 adso
202 3657 313 3712 Tertull.
322 3657 369 3712 lib.
381 3675 416 3712 ιν.
428 3673 451 3711 ο.
462 3659 542 3712 Marc
555 3673 611 3729 cap.
630 3675 712 3714 xxvii.
725 3658 852 3729 νομικοὺς,
869 3673 980 3730 quorum
990 3661 1019 3714 in
1029 3659 1074 3714 illo
1086 3678 1123 3716 ιι.
1135 3677 1191 3733 cap.
1202 3661 1289 3716 Lucas

128 3743 262 3809 meminit,
274 3741 353 3814 Legis
365 3743 483 3798 doctores
495 3745 685 3814 mterpretstur.
713 3743 784 3798 Alibi
794 3759 854 3798 vero
866 3746 966 3814 passim
976 3747 1099 3817 vulgatus
1110 3746 1236 3818 interpres
1248 3765 1289 3798 νο-

128 3829 197 3899 μικὺν
213 3829 292 3883 vertit
301 3831 481 3899 leptopsritam.
510 3827 583 3882 Unde
598 3845 723 3902 persaepe
739 3828 834 3900 νομοιοὶ
850 3845 910 3883 cum
920 3829 1065 3885 Pharlsseis
1081 3833 1248 3904 copulantur,
1259 3837 1290 3887 ut

128 3915 189 3970 Luc.
207 3933 262 3982 xcv,
278 3913 307 3968 3:
330 3913 368 3968 Et
380 3917 534 3985 respondeas
549 3915 622 3968 Iesse
638 3917 705 3968 clia-it
723 3917 760 3968 acl
774 3915 947 3986 Lspispera'tos
960 3927 985 3970 et
999 3915 1169 3972 Pharisaeos:
1190 3917 1289 3972 (ineos

128 4002 184 4064 τοὺς
196 3999 311 4073 νομικοὺς
324 4005 351 4054 et
361 4015 418 4071 cap.
431 4019 477 4068 νιν,
488 3999 530 4055 30.
559 3998 590 4054 Ol
600 3999 628 4054 ὺὶ
639 4001 771 4072 Φαρισαῖοι
783 4001 823 4054 καὶ
835 3999 858 4053 oi
869 4001 980 4073 Ncptaol.
1004 3999 1053 4066 Qui
1064 4017 1118 4074 cap.
1130 4021 1156 4072 ν,
1170 4003 1210 4056 lt.
1233 4003 1289 4057 aba·

129 4089 217 4158 patior
229 4085 270 4139 καὶ
282 4083 490 4156 νομοδιδάσκαλοι
500 4092 634 4143 νοοοιιὺον.
664 4085 748 4152 Quare
759 4086 854 4158 νομικοὶ
869 4084 1114 4158 ονομοδιδοοκὺλοις
1129 4105 1183 4144 uon
1195 4089 1288 4145 diecre-

129 4179 206 4244 pant,
222 4171 354 4242 iidemque
363 4171 443 4243 Legis
453 4173 605 4243 interpretes
617 4179 691 4239 eant,
708 4180 738 4228 ut
754 4179 781 4227 et
795 4172 880 4227 Besae
895 4173 1004 4244 placuit3
1022 4178 1049 4227 et
1062 4173 1233 4230 iahhsimum
1249 4183 1290 4231 est

128 4259 183 4320 τοὺς
204 4257 322 4329 νομικοὺς
338 4259 441 4329 proprie
456 4259 525 4312 circe
535 4259 652 4312 actiones
663 4259 750 4313 civiles
762 4275 794 4313 ac
803 4259 930 4313 formulas
941 4260 1071 4331 occupari
1096 4260 1146 4314 Par
1157 4267 1197 4316 est
1208 4261 1289 4317 Scali-

127 4346 183 4416 geri
194 4345 329 4409 delirium,
345 4359 406 4398 cnm
421 4345 520 4400 scribas
536 4344 626 4416 populi
640 4345 678 4398 sic
689 4344 808 4399 ascribis
819 4345 886 4416 legis
897 4346 1022 4412 secernit,
1038 4345 1117 4400 atilli
1127 4349 1236 4402 actuarii
1246 4348 1289 4402 vel

129 4439 230 4487 actores
246 4429 346 4502 publici
361 4429 466 4486 luerint.
503 4429 604 4502 Quippe
614 4429 706 4484 Matth.
721 4449 750 4496 ιι,
760 4431 778 4484 t
788 4431 913 4497 Herodes,
929 4447 989 4484 cum
999 4431 1139 4502 Magorum
1149 4433 1289 4487 adrentum

128 4523 154 4570 et
165 4516 262 4572 Obristi
277 4516 441 4572 nsfinhtem
454 4517 608 4582 necasset,
624 4521 654 4570 ut
667 4533 720 4588 qno
734 4518 762 4572 in
776 4517 835 4572 laco
846 4515 963 4572 Christus
979 4525 1127 4572 nuscetur
1140 4519 1288 4590 manserat,

126 4607 261 4674 princepsa
275 4604 436 4658 οοοικοοιοοι
451 4611 476 4655 et
493 4603 594 4656 ιοοιὺοι
606 4606 696 4674 populi
711 4609 849 4669 convocat,
864 4607 996 4660 eteorum
1015 4619 1170 4677 mspousnm
1181 4603 1287 4675 expett
