3138 5044
308 297 402 354 OLXX

306 455 365 508 citis
377 453 410 506 ad
421 468 497 509 suam
509 451 582 506 illam
593 451 753 522 prebendam
764 451 922 506 senteutiam
934 448 1023 515 affert,
1040 449 1141 504 nullum
1153 448 1289 505 dubitandi
1299 451 1388 504 locum
1398 449 1470 504 rolin·
1555 463 1556 488 t

307 545 397 610 quunt.
415 537 571 592 statuebant
582 537 651 592 euim
663 538 777 590 cantores
789 537 827 590 illi
839 542 899 607 post
906 537 1077 590 commissum
1087 535 1281 605 aequinoctium
1290 535 1324 590 ad
1333 551 1471 606 vesperam,

306 642 358 698 qno
370 631 487 695 tempore
497 624 562 678 luna
573 624 599 676 in
612 624 692 676 altero
705 623 867 692 aequinoctio
879 639 894 675 e
905 621 1014 691 regione
1027 621 1111 676 solem
1127 619 1245 691 respicit,
1261 619 1305 688 τὴν
1322 623 1373 673 τῶν
1390 621 1471 690 διαβα-

306 711 396 780 τηρίων
406 707 502 778 ἑορτὴν,
514 707 562 762 boc
574 715 614 764 eet
623 707 720 778 paseha
730 708 864 762 Iudaicum
876 708 922 778 agi
932 706 1035 762 debere.
1070 706 1127 760 Hoc
1139 713 1228 760 autem
1244 725 1299 761 ιιι.
1312 707 1377 762 luna
1388 706 1421 760 ad
1432 721 1471 760 ve-

306 813 411 868 speram
427 795 584 850 celebratum
601 800 649 847 eet.
682 793 751 864 Erga
769 811 823 848 ιιι.
841 794 868 846 iu
885 794 973 863 ipsum
990 792 1188 862 aequinoctium
1205 791 1297 846 cadere
1316 791 1406 856 debet,
1423 809 1471 846 nou

305 881 471 952 praecedam
488 881 549 950 quia
561 878 621 950 peria
631 877 674 946 τὴν
686 877 823 949 ἰσημερίαν,
840 884 869 932 ut
880 879 985 949 saepius
997 877 1103 948 repetit,
1119 877 1225 936 ludaico
1239 875 1338 948 pascha
1348 893 1472 949 peragen-
1555 915 1556 936 ,

307 967 369 1022 dum
381 971 429 1022 eat.
449 965 514 1020 Cum
523 966 603 1036 igitur
611 965 637 1018 id
647 964 715 1035 qnod
723 965 827 1018 dixerat
835 981 868 1016 ex
878 964 1033 1018 ludaeorum
1044 963 1179 1019 doctorum
1190 963 1319 1018 sententia
1330 963 1473 1034 profectum

306 1059 417 1117 nemrot,
429 1051 518 1108 ludaei
528 1069 605 1122 porro
617 1069 670 1104 ιιι.
682 1056 780 1120 negent
788 1055 849 1104 ante
858 1049 1054 1120 aequinoctium
1063 1047 1143 1104 indici
1150 1065 1242 1119 poree,
1253 1048 1423 1103 manifestum
1435 1055 1473 1102 est

307 1138 456 1192 Anatolium
468 1137 536 1190 uelle
548 1155 602 1192 ιιι,
616 1141 673 1190 autc
685 1137 771 1206 ipsum
783 1135 942 1205 aequinoctii
950 1134 1019 1188 diem
1031 1138 1153 1188 statuere.
1171 1133 1324 1188 Praesertim
1334 1151 1394 1188 cum
1404 1133 1472 1188 Chri-

307 1225 393 1278 etiaua
401 1241 454 1278 ιιι.
465 1239 498 1276 ex
507 1223 685 1278 vetutissima
694 1221 832 1275 traditione
841 1221 868 1274 in
878 1220 1072 1291 aequinoctium
1083 1220 1183 1290 ipsum,
1196 1236 1249 1274 non
1259 1225 1319 1274 aute
1328 1218 1398 1274 bunc
1407 1220 1472 1272 diem

306 1309 419 1364 incidere
432 1309 530 1362 debeat
565 1307 690 1372 Quocirca
701 1307 796 1360 vitiosa
807 1312 848 1360 eet
858 1307 966 1376 vulgata
976 1306 1022 1358 illa
1032 1306 1110 1358 lectio
1128 1303 1182 1358 κατ’
1195 1303 1284 1374 αὐτὴν,
1301 1310 1329 1360 et
1343 1302 1399 1356 κατ’
1412 1305 1470 1358 adri

307 1393 510 1450 rescribendum.
539 1395 613 1447 Hunc
626 1393 738 1446 Anatolii
748 1393 836 1448 locum
847 1392 1006 1446 novieeinrue
1018 1392 1145 1460 interpres
1158 1391 1228 1461 lnam
1241 1391 1273 1442 de
1284 1389 1391 1444 ltuffino
1403 1396 1472 1460 poet·

306 1480 415 1534 modum
427 1482 547 1550 memus)
559 1494 717 1549 magnopere
730 1477 887 1547 depravavit.
922 1477 965 1530 Sic
978 1477 1048 1530 enim
1060 1475 1148 1528 vertit:
1175 1477 1339 1545 Quapropter
1349 1481 1393 1544 qni
1399 1481 1472 1546 pria·

308 1569 488 1636 cr'pr'nmpra'mi
499 1571 589 1618 menae
600 1569 627 1616 in
637 1566 681 1616 illo
694 1581 765 1617 xxvr.
777 1565 819 1616 dic
827 1562 984 1616 Plecmcnotla
994 1570 1159 1631 eccepntcnt,
1172 1563 1209 1614 cd
1220 1579 1273 1616 ιιι.
1285 1563 1351 1616 dicar
1358 1565 1473 1631 prosim

306 1653 440 1704 coenredum
452 1653 622 1719 illumseetrnn
630 1649 767 1720 puaclrutr'a
780 1649 958 1700 celebrandum
969 1656 1095 1711 statuunt,
1114 1665 1154 1700 coa
1165 1645 1321 1699 vehementer
1332 1654 1425 1698 errore
1436 1649 1472 1699 di·

307 1740 394 1790 ca'aana.
411 1735 515 1790 Putavit
524 1737 593 1804 αὐτῷ
601 1735 634 1788 ad
646 1752 717 1788 xxvr.
727 1733 795 1788 diem
804 1734 945 1804 pertinere,
958 1749 1017 1786 cum
1028 1732 1059 1785 de
1067 1737 1201 1803 postremo
1210 1731 1330 1801 signiferi
1338 1737 1472 1802 segmento

307 1823 342 1876 cit
352 1821 541 1892 accipiendum.
577 1820 750 1884 Quamobrem
766 1836 800 1872 ex
816 1819 953 1889 disputatis
969 1817 1095 1872 hacteuus
1110 1821 1218 1889 apparet
1232 1817 1346 1887 primum
1358 1833 1472 1870 mansne

306 1908 458 1978 Tropicum‚
471 1908 526 1962 eive
538 1907 634 1978 Κριῶνα
644 1906 686 1959 hic
698 1906 731 1958 ab
743 1905 865 1958 Anatolio
876 1905 995 1974 intelligi.
1015 1904 1106 1974 Neque
1118 1903 1188 1958 enim
1199 1903 1299 1956 lunaris
1310 1919 1369 1956 esee
1380 1907 1473 1973 petest,

307 2011 366 2047 cunr
382 1994 409 2046 in
422 1991 597 2046 Alexandrino
613 1991 685 2062 cyclo
703 1992 841 2046 neomenia
857 1991 935 2062 primi
952 1991 1050 2044 mensis
1067 1989 1141 2058 cyclo
1153 1989 1238 2060 primo
1254 1989 1288 2042 ait
1299 1988 1389 2042 Martii
1398 2005 1472 2044 nrrr.

306 2079 374 2134 Nam
386 2077 556 2132 Alexandrini
572 2078 638 2146 cycli
654 2093 739 2132 auuus
755 2077 854 2146 primus
871 2074 1022 2148 paschalem
1037 2075 1203 2130 neomeniam
1216 2071 1311 2128 abhoc
1323 2073 1473 2144 dieincipit,

307 2165 459 2219 Latinorum
477 2179 537 2216 vero
554 2168 614 2233 poet
629 2162 836 2216 Alexandrinum
852 2169 986 2232 receptum
1001 2162 1101 2231 primus
1117 2161 1207 2229 cyclus
1223 2159 1282 2212 iniit
1293 2159 1354 2230 Apr.
1364 2177 1414 2224 rv.,
1430 2159 1473 2230 qni

224 2281 229 2292 ·
277 2279 283 2292 ·
309 2255 350 2304 eet
360 2248 551 2302 Alexandrinus
564 2249 649 2318 cyclus
661 2249 781 2312 memus,
797 2255 827 2301 ut
838 2247 913 2312 alibi,
931 2247 979 2301 deo
992 2247 1083 2311 dante,
1100 2246 1185 2302 rusina
1197 2245 1358 2300 docebimus.
1382 2244 1439 2312 [Sic
1449 2251 1474 2298 et

308 2335 463 2390 Ambrosius
474 2335 502 2387 in
514 2331 622 2404 epistula
634 2333 666 2386 ad
675 2334 800 2386 Aemiliae
813 2334 962 2404 episcopua:
975 2334 1076 2386 Incidit
1083 2342 1166 2384 antem
1177 2335 1270 2386 memte
1282 2333 1473 2384 accercendus

224 2453 229 2464 ·
279 2453 285 2465 ·
309 2423 440 2490 cumeram
452 2439 533 2484 cmm,
550 2421 596 2473 aad
606 2421 740 2472 recaredum
752 2422 953 2472 cousuetudinem
964 2423 1106 2489 peritorum
1124 2418 1157 2470 ch
1175 2421 1345 2487 aequinoctio,
1362 2422 1407 2487 qai
1421 2420 1474 2472 dier

310 2517 348 2560 cat
363 2508 508 2581 duodecimo
520 2505 583 2558 Kal.
593 2506 660 2576 Apr.
673 2515 697 2558 ct
704 2508 799 2575 finimur
813 2508 945 2559 undecimo
957 2505 1021 2558 Kal.
1034 2503 1100 2558 Μαί.
1136 2503 1202 2558 Iade
1219 2507 1328 2556 mameae
1344 2507 1416 2567 intra
1431 2502 1474 2556 laon

309 2597 417 2662 triyiatc
429 2603 453 2646 et
462 2611 536 2644 unam
549 2594 604 2644 dice
615 2609 690 2660 caepe
703 2591 825 2644 celebrati
832 2589 951 2661 porciae
963 2591 1040 2656 dica]
1072 2589 1137 2642 Cum
1153 2589 1234 2658 igitur
1250 2589 1389 2642 neomenia
1398 2588 1474 2658 primi

309 2680 407 2736 mancia
424 2679 524 2732 lunaris
542 2693 573 2731 ea
589 2677 634 2742 sit,
652 2693 719 2747 quae
735 2682 797 2746 poet
812 2676 1006 2747 aequinoctium
1022 2675 1141 2745 proxime
1162 2673 1287 2744 seqnitur,
1304 2681 1474 2744 apparatam

308 2763 480 2820 Alexandrini
491 2769 517 2818 et
528 2781 573 2818 ece
585 2763 667 2816 secuti
679 2762 787 2816 Nicaeui
798 2768 885 2832 patres
897 2763 1000 2831 cyclum
1012 2779 1030 2816 r.
1045 2759 1133 2814 Martii
1144 2777 1223 2814 xxrrr.
1239 2761 1391 2825 statuerint,
1406 2758 1475 2830 qnod

308 2851 427 2906 videlicet
437 2851 552 2904 Anatolii
562 2855 773 2919 caeterorumque
785 2847 914 2918 paschalia
929 2847 996 2917 cycli
1013 2845 1177 2900 conditorum
1188 2846 1229 2898 vel
1246 2851 1364 2916 tempore
1375 2846 1419 2899 vel
1433 2845 1474 2898 ee-

309 2944 378 2992 creto
391 2936 549 3006 aequinoctii
560 2935 634 2988 aedes
646 2941 715 2988 esset
725 2934 814 2988 Martii
825 2951 891 2988 ιιιι
915 2932 989 2987 Unde
1000 2933 1061 2986 licet
1073 2931 1267 3002 aequinoctium
1277 2931 1305 2984 in
1317 2949 1373 2984 ιιι.
1385 2937 1474 3001 postea

309 3021 451 3086 nansierit,
468 3037 516 3074 nec
527 3021 616 3074 citima
627 3021 763 3074 neomenia
780 3037 845 3074 xrn.
858 3019 946 3072 hiartii
960 3017 1111 3087 contigerit,
1128 3015 1297 3070 nihilominus
1310 3017 1415 3085 cyclum
1424 3017 1474 3088 pri·

309 3124 383 3162 muru
400 3107 480 3160 veteri
497 3106 609 3160 emtione
626 3123 678 3158 nou
695 3105 866 3158 dimoverunt.
902 3103 987 3168 Quare
1004 3102 1142 3158 neomenia
1158 3101 1284 3167 Krioucs,
1305 3102 1361 3154 eive
1378 3103 1474 3156 mensis

309 3193 388 3264 primi
398 3192 490 3246 solaria
503 3197 544 3244 eet
559 3192 661 3244 citimus
678 3191 804 3244 terminus
822 3188 965 3260 paschalis,
983 3190 1038 3242 sire
1056 3205 1124 3253 rra,
1143 3203 1210 3256 qnae
1228 3205 1262 3240 ex
1278 3187 1394 3242 Anatolii
1410 3189 1473 3242 scito

310 3278 430 3332 convenit
441 3278 513 3346 cyclo
523 3295 548 3332 v.
572 3275 638 3330 Nam
650 3277 738 3347 cyclus
751 3275 1008 3340 decemnovennalis,
1021 3275 1076 3328 sive
1087 3273 1231 3344 paschalia,
1244 3277 1335 3326 autore
1346 3271 1431 3338 Beda,
1441 3273 1474 3326 ad

309 3364 435 3418 termines
448 3363 502 3415 eive
514 3361 628 3416 decbuae
640 3369 744 3433 quartae
755 3363 859 3416 lunares
870 3360 1067 3430 investigandae
1080 3359 1292 3412 accommodatus
1307 3365 1360 3422 eat,
1377 3359 1416 3414 uti
1431 3375 1473 3426 cy·

310 3449 366 3502 etue
379 3448 477 3502 lunaris
490 3447 522 3500 ad
533 3449 673 3502 novilunia.
707 3447 819 3518 Ideoque
831 3448 923 3501 merito
935 3447 1035 3516 primus
1047 3443 1177 3516 paschalia
1187 3445 1285 3498 merrsie
1297 3459 1313 3496 a
1324 3444 1411 3514 prima
1422 3461 1473 3498 ιιι.

311 3535 407 3606 coepit,
423 3531 471 3588 hoc
490 3539 530 3586 eet
546 3535 579 3588 ab
596 3535 751 3604 aequinoctii
766 3533 819 3598 die,
836 3533 906 3604 quod
923 3533 1059 3586 Anatolius
1076 3533 1102 3584 in
1117 3529 1203 3584 Martii
1215 3547 1280 3584 ιιιι.
1297 3531 1472 3584 constituerat.

309 3621 422 3692 indeque
434 3624 537 3674 constat
548 3637 601 3672 non
612 3620 640 3672 in
652 3620 771 3674 omnibus
783 3619 913 3690 paschalis
924 3619 1023 3672 mensis
1035 3616 1125 3670 diebus
1138 3613 1236 3687 pascha
1251 3613 1378 3668 celebrari
1388 3631 1473 3686 posse,

309 3707 355 3761 sed
367 3705 532 3760 neomeniam
543 3706 599 3758 eiua
608 3706 705 3776 excipi,
717 3711 845 3776 quaeest,
857 3705 897 3758 uti
905 3703 973 3768 dixi,
985 3721 1037 3756 xrv.
1048 3702 1113 3770 cycli
1122 3721 1146 3754 v.
1165 3699 1239 3764 Quod
1247 3701 1336 3771 ipsum
1344 3703 1474 3754 etAnato

308 3794 359 3848 lius
372 3791 482 3856 indicat,
499 3807 559 3844 cnm
571 3807 616 3845 eos
628 3790 790 3862 reprehendit
801 3791 846 3860 qui
857 3790 884 3843 iu
896 3789 1023 3858 superiori
1034 3793 1184 3857 segmento,
1203 3786 1273 3856 qued
1289 3787 1411 3840 ultimum
1425 3791 1473 3850 eet

309 3881 423 3950 primum
435 3893 552 3930 mensem
565 3883 590 3930 et
601 3895 653 3930 ιιι.
666 3877 784 3930 lunarem
795 3877 931 3929 collocant.
959 3873 1126 3943 Consequens
1138 3873 1209 3926 euim
1219 3877 1261 3924 est
1271 3871 1388 3926 decimas
1399 3887 1473 3942 quar·

310 3971 350 4018 tce
361 3965 466 4018 lunares
479 3979 569 4016 omnee
581 3963 649 4016 iutra
660 3961 736 4032 primi
748 3962 845 4015 mensis
858 3958 984 4030 epocham
997 3959 1118 4013 codrceri.
1146 3957 1220 4022 Quod
1232 3973 1292 4010 cnm
1303 3956 1377 4010 Beda
1387 3957 1473 4010 minua

310 4049 549 4114 animadvertisset,
564 4049 630 4102 ialeo
648 4047 754 4101 credidit
765 4047 914 4100 Anatolium
931 4061 989 4098 eam
1004 4045 1082 4114 primi
1093 4045 1191 4096 mensis
1202 4043 1367 4098 neomeniam
1379 4043 1473 4096 consti·

310 4136 404 4201 tuiese,
415 4135 443 4188 in
456 4151 535 4205 quam
547 4135 665 4188 citimum
675 4131 771 4203 percha
782 4132 940 4186 conveniret.
964 4129 1031 4184 Nam
1044 4130 1089 4199 qui
1099 4133 1180 4200 negat
1191 4147 1244 4184 ιιι.
1253 4127 1401 4199 paschalem
1412 4133 1472 4180 anta

311 4219 414 4272 initium
426 4221 503 4290 primi
514 4220 612 4274 mensis
626 4217 750 4282 incidere,
768 4217 845 4288 idque
860 4218 946 4287 ipsum
963 4216 1062 4269 mensis
1077 4213 1376 4284 interannuntiantem,
1391 4212 1472 4266 maui-

310 4303 376 4356 ieate
387 4304 506 4374 prohibet
516 4305 574 4375 ipso
587 4304 684 4358 mensis
701 4302 773 4356 initio
789 4301 888 4372 pascha
903 4301 1041 4366 celebrem
1058 4300 1128 4371 qued
1145 4301 1167 4353 ei
1182 4299 1241 4366 fiat,
1256 4301 1310 4354 iam
1326 4317 1381 4356 ιιι.
1397 4305 1473 4351 extra

310 4387 404 4459 prioris
416 4390 512 4442 mensis
523 4390 590 4444 fines
602 4388 689 4460 egredi
701 4395 728 4442 et
739 4389 767 4441 in
778 4389 898 4440 ultimum
909 4387 980 4442 reiici
991 4403 1098 4440 necesse
1110 4386 1153 4440 sit.

378 4471 446 4526 Nam
463 4473 531 4542 quod
548 4473 710 4545 aequinoctio
726 4473 835 4527 biduum
850 4473 930 4526 tribui
947 4479 1065 4542 oportere
1077 4476 1179 4538 narrat,
1195 4485 1279 4542 eoque
1291 4471 1336 4540 qui
1347 4467 1472 4540 posterior

312 4563 353 4612 eat
364 4557 405 4610 die
416 4555 513 4625 pascha
523 4560 659 4624 celebrari,
677 4559 708 4613 de
724 4575 775 4629 quc
789 4563 814 4611 et
826 4559 974 4612 Anatolium
985 4557 1057 4628 loqui
1068 4562 1156 4628 putet,
1174 4573 1263 4610 verum
1278 4557 1306 4610 id
1317 4555 1418 4626 quidem
1430 4557 1472 4607 est
