3186 5042
419 331 580 386 scurrrau
599 335 639 386 aa
657 333 729 386 sna.
748 335 876 388 νειιιιιο.
1188 327 1229 390 80

76 452 268 522 buterpungitur,
292 469 318 521 ρ.
328 457 377 504 888
395 457 491 521 (1088)
508 465 534 506 et
551 472 627 524 saepe
643 455 709 508 alibi.
744 455 841 507 Nostro
857 455 915 506 loco
934 457 1033 508 verbum
1051 456 1165 511 λέλεκται
1183 475 1230 510 σσ-

73 537 191 606 gitatione
206 537 371 606 repetendum
388 538 420 590 ad
437 537 469 594 rd
494 537 610 607 ὑπεράνω
634 541 685 594 τῶν
708 535 827 607 οιίρανῶν.
868 537 956 596 Πόθεν
980 551 1019 592 est
1044 543 1173 610 negantis,
1201 552 1229 594 ut

74 626 106 677 T.
114 625 156 675 ill.
166 641 192 692 φ.
202 627 253 675 810
265 626 342 689 (888)
363 623 404 674 ubi
417 623 467 678 rid.
481 635 566 679 annot.
584 626 673 695 Neque
689 625 715 678 iu
732 625 835 693 integris
844 635 942 678 tuntum
960 627 1173 679 enunciatiouibus
1183 624 1230 683 ud·

73 711 116 762 θεν
132 727 180 770 -3
205 709 313 777 ueffludi
330 709 381 760 vim
397 709 490 772 hebet,
515 709 561 762 sed
577 710 702 762 interdum
720 710 795 762 etiam
812 729 858 779 per
874 727 902 763 se
919 711 966 764 bac
984 713 1009 763 η’
1026 713 1134 781 ponitur.
1168 712 1228 764 Vid.

71 803 154 845 annot.
172 794 198 845 iu
216 797 294 846 Elium
313 797 371 848 Cret.
391 795 441 846 col.
462 798 512 845 888
529 797 598 864 (18).
612 813 650 865 sq.
693 795 719 846 si
736 811 785 864 qua
801 796 883 848 adbuc
905 813 969 865 opue
987 809 1025 848 est
1043 797 1229 858 emendatione,

71 872 89 932 d
106 889 161 930 ante
178 877 257 939 πόθεν
274 879 348 930 adiici
365 879 449 931 velim.

137 965 163 1015 l’.
178 969 229 1016 478
247 967 333 1030 (880).
374 965 438 1026 El<
464 965 636 1034 σωτηρίαν
661 961 916 1034 ἀπεσταλμένος
941 964 1227 1024 extortiones...

70 1045 174 1116 Πόσῳ
192 1047 517 1120 γεμᾶλλσνήψυχή
537 1049 832 1106 κινδυνεύσειε-ν
851 1055 909 1118 -;]
939 1053 1072 1104 Rescribe:
1098 1054 1133 1108 Εί
1151 1050 1174 1110 δ’
1193 1055 1230 1116 είε

70 1134 196 1202 σωτηρίαν
221 1133 382 1190 ἐκινδύνευσε
399 1163 433 1176 -
450 1163 500 1198 -,
533 1133 608 1206 πόσῳ
634 1154 665 1204 γε
690 1137 783 1204 μᾶλλον
808 1135 917 1206 dduxi
943 1135 1111 1193 κινδυνεύσειε
1129 1165 1161 1178 -
1180 1160 1229 1204 -;

67 1219 142 1272 cont.
159 1237 222 1289 qaae
239 1220 316 1272 modo
333 1221 454 1272 annotavi
471 1220 504 1272 ad
522 1239 546 1289 p.
555 1225 606 1272 478
624 1225 712 1288 (888).

134 1305 161 1356 Ρ.
178 1309 229 1356 488
247 1307 332 1375 (881).
358 1306 630 1376 φρενητιῶντες]
650 1307 808 1376 Legendom:
828 1307 1010 1376 φρενιτιοῖντες.
1045 1309 1154 1362 Verbum
1170 1327 1230 1379 φρε-

65 1393 160 1458 νετεᾶν,
178 1391 246 1460 quod
264 1395 351 1461 qam
370 1392 447 1461 (881)
466 1391 586 1455 recurrit,
612 1393 774 1444 referendum
791 1393 818 1443 in
834 1393 968 1444 rarioribus
987 1393 1078 1456 verbis,
1104 1395 1130 1446 in
1148 1396 1231 1450 -ιᾶν

65 1475 228 1540 exeuntibus,
248 1493 353 1545 quorum
370 1477 490 1528 nonnullo
510 1479 664 1530 Gusuobonue
682 1478 788 1529 Exercit.
807 1481 825 1530 l.
843 1477 877 1528 sd
894 1485 1014 1546 Apparet.
1031 1479 1121 1532 Annei.
1139 1483 1230 1534 baron.

63 1565 139 1630 (888.
149 1565 171 1611 8.
187 1579 225 1630 eq.
244 1563 410 1631 consignavit,
429 1564 454 1614 in
467 1563 506 1614 bis
525 1574 615 1615 nostro
632 1581 662 1615 ex
673 1563 731 1615 loco
742 1561 889 1614 mendosum
898 1563 1042 1631 φρενητιᾶν,
1060 1565 1129 1634 quod
1146 1567 1177 1618 T.
1188 1568 1229 1617 lll.

63 1665 89 1715 p.
107 1650 158 1697 810
175 1649 251 1715 (888)
267 1648 380 1699 recurrit.
423 1648 493 1700 Idem
518 1659 650 1716 praeterea
667 1648 797 1702 annotarit
813 1649 936 1716 φανητιᾶν
954 1665 986 1700 er
1003 1653 1131 1716 Africano,
1155 1654 1231 1721 βασι-

64 1733 132 1786 λειᾶν
151 1735 292 1796 extenplo
309 1735 336 1782 ll.
356 1733 411 1784 lod.
431 1736 461 1784 ll.
481 1737 504 1783 8.
529 1745 554 1786 et
574 1732 728 1789 επιδευετιοῖν
746 1751 776 1785 ex
794 1737 933 1786 theodoreto
950 1735 981 1785 ll.
998 1737 1026 1785 8.
1045 1737 1104 1788 14.
1139 1733 1230 1804 Φανη·

62 1819 118 1871 τεᾶν
135 1817 212 1870 habet
228 1817 304 1868 etiam
322 1819 423 1884 Proeop.
438 1820 577 1871 comment.
594 1819 620 1870 in
638 1819 755 1872 Proverb.
774 1837 799 1889 p.
810 1823 854 1871 88.
868 1819 908 1870 ed.
928 1820 985 1870 bisi.
1021 1821 1117 1872 Eodem
1134 1837 1164 1872 ex
1182 1839 1231 1890 ge-

62 1919 125 1954 naro
142 1915 182 1955 ert
197 1907 337 1974 τρυφηπιᾶν
354 1923 394 1974 ap.
412 1908 484 1957 cleos.
498 1909 564 1957 Alte.
582 1905 689 1972 Paedag.
708 1907 797 1974 nobb
819 1905 860 1956 ed.
876 1907 971 1956 Potter.
1006 1905 1070 1957 Vide
1083 1909 1181 1959 bobrcb
1197 1907 1230 1960 ud

64 1991 192 2052 Pramo.
212 2009 237 2058 p.
249 1995 288 2041 78.
298 2009 336 2060 sq.
353 2007 443 2059 meque
460 1990 486 2041 in
507 1989 595 2043 douai.
612 1989 704 2042 Philol.
721 1991 850 2059 Supplem.
868 1991 899 2042 Τ.
916 1992 951 2041 Χ.
972 1991 1042 2042 Fasc.
1060 1994 1091 2042 ll.
1110 2011 1134 2061 p.
1145 1997 1205 2044 881.

133 2075 161 2125 l’.
178 2079 228 2126 488
244 2076 328 2143 (888).
365 2074 394 2129 εί
412 2072 455 2144 μή
474 2071 493 2141 εἰ
512 2073 641 2143 σελήνη
666 2073 860 2143 ἐπληροῦτο
884 2074 940 2128 κοιλ
958 2073 1107 2147 ἐφθίνει]
1127 2077 1230 2130 Nollem

62 2161 121 2211 loeo
136 2159 231 2228 raigeri
247 2159 334 2228 ἔφθινε
350 2172 480 2229 τοσορεοατ
497 2159 601 2230 ἰφθίνει
638 2163 665 2212 ln
682 2177 727 2212 usu
744 2159 845 2229 quidem
864 2169 923 2210 runt
947 2155 1066 2229 φθονήσω
1084 2172 1110 2212 et
1126 2161 1231 2227 similia;

62 2245 206 2298 inauditum
225 2263 285 2296 rero
300 2245 404 2314 φθινίεο.

136 2331 165 2386 P.
179 2333 228 2382 888
247 2331 332 2400 (888).
366 2327 520 2386 Ἐκεῖνοι
536 2329 596 2400 γὰρ
614 2327 853 2400 καθεζόμενοι
870 2333 1030 2402 κηφῆνες
1046 2333 1103 2387 καί
1121 2333 1231 2401 μηδὲν

63 2413 300 2484 ἐργαζόμενοι
317 2420 380 2484 σεε.)
399 2417 456 2469 Vid.
470 2421 591 2470 8888888.
603 2417 635 2468 ed
648 2422 708 2470 Tlos.
727 2419 788 2468 Lex.
801 2419 863 2469 Voc.
875 2418 939 2470 Plet.
957 2437 980 2486 p.
993 2423 1050 2469 187.
1061 2435 1099 2487 eq.
1118 2429 1144 2468 et
1161 2417 1231 2470 coni.

62 2491 183 2566 aptoton
195 2503 227 2554 Τ.
239 2505 282 2553 lll.
299 2521 324 2570 p.
335 2507 386 2554 488
400 2503 493 2571 (1070)
505 2500 541 2571 μν)
560 2499 647 2570 α’ργδν,
663 2501 730 2570 μήτε
747 2499 838 2571 ἀεργὸν
856 2502 901 2557 καί
919 2498 1098 2571 ἅκαιροφοίγσν,
1113 2501 1228 2573 μηδλτῷ

63 2588 164 2656 κηφῆνι
174 2589 225 2641 τῶν
238 2589 367 2656 μελισσῶν
385 2588 562 2658 [supplendum
574 2585 745 2656 εἰκάζεσθαι),
760 2586 915 2656 ἐργάζεσθαι
929 2587 959 2642 et
973 2594 1029 2648 ταῖς
1043 2587 1119 2648 ί8ίαιε
1133 2587 1228 2657 χερσίν.

135 2675 162 2724 Ρ.
179 2677 229 2723 404
249 2674 334 2742 (888).
369 2673 404 2728 rd
424 2671 684 2741 ἀπερίσπαστον
707 2675 763 2726 τοῦ
782 2667 1002 2740 εὐαγγελίου]
1028 2669 1067 2726 Tb
1085 2667 1229 2740 ἀπερίσπα-

62 2775 123 2812 σταε
148 2769 187 2809 ost
212 2763 372 2823 tranquttlitos
389 2764 465 2812 σπίνοι·
472 2797 480 2824 ,
506 2775 579 2827 quem
603 2757 759 2826 evangelium
782 2758 811 2808 iis
828 2768 916 2826 parat,
943 2757 985 2825 qui
1002 2757 1075 2808 anaia
1093 2775 1150 2809 eura
1168 2756 1231 2826 legis

63 2843 238 2895 observandae
263 2843 362 2895 liberati
387 2857 453 2896 sunt.
489 2843 562 2895 coni.
581 2859 651 2912 eeqq.
677 2836 802 2904 Ἐκείνοες
819 2840 864 2910 μὶν
881 2839 930 2910 γὰρ
949 2853 997 2893 cet.
1035 2842 1072 2893 De
1090 2843 1168 2896 rer-bo
1184 2859 1230 2897 πε·

62 2931 172 2994 ρισπᾶν,
190 2929 271 2998 deque
291 2929 419 2981 voeabulis
437 2929 496 2981 inde
513 2929 634 2998 proiectis
651 2927 703 2980 vid.
717 2939 804 2981 enuot.
822 2929 849 2978 in
867 2931 946 2980 Elium
963 2932 1025 2980 Oret.
1045 2927 1093 2979 σοί.
1112 2931 1159 2978 701
1177 2928 1229 2997 (8).

62 3013 225 3068 88ἰοσείτοοε
242 3011 431 3082 α’περίσπαστσς
447 3017 541 3066 Νοεεσε
558 3014 634 3066 etiarn
651 3015 682 3066 T.
700 3017 730 3066 ll.
746 3018 830 3082 p.1to
850 3015 926 3081 (488)
943 3013 1027 3064 babet.

136 3100 220 3150 nost
241 3101 326 3168 (714).
353 3099 443 3168 Περί
460 3099 498 3156 ot
514 3103 577 3166 τῆς
594 3093 788 3167 ἄναλογῆς,
806 3089 967 3167 desilies
986 3095 1000 3152 u‘
1019 3097 1133 3167 cursio
1152 3093 1231 3153 tiva·

61 3183 236 3248 λεξασθαι
252 3185 440 3253 παρθενίαν
458 3189 518 3252 σοι.)
542 3185 602 3236 Noli
621 3185 732 3253 cogitare
750 3185 782 3236 de
799 3201 862 3236 νοσο
878 3175 914 3253 ἦς
930 3184 956 3234 in
972 3175 993 3254 qi
1010 3183 1137 3236 mutanda.
1172 3183 1229 3236 l'id

62 3274 153 3322 ll'lner.
173 3271 283 3322 Graium.
301 3271 390 3322 ldiom.
408 3271 474 3323 Nori
491 3271 571 3323 Foed.
597 3276 619 3340 8.
636 3275 676 3322 at.
695 3277 719 3321 1.
744 3281 829 3322 annot
856 3279 883 3321 et
907 3269 975 3321 euni.
992 3273 1110 3334 Epipbuo.
1135 3271 1167 3322 Τ.
1186 3271 1230 3322 lll.

61 3373 85 3422 ρ.
104 3359 139 3406 88
159 3355 236 3423 (810)
261 3353 327 3410 καεεί
344 3353 416 3425 χάριν
433 3355 583 3424 δυνάμεως.
610 3347 645 3424 οἷς
666 3349 855 3424 ἐνεδυνάμωσεν
873 3351 887 3410 8
904 3351 1011 3415 δυνατὸς
1028 3353 1054 3408 ἰν
1070 3349 1159 3410 ἅπασι.
1195 3359 1229 3408 88

62 3442 145 3508 (884)
162 3439 357 3508 Παραθησομαι
373 3439 403 3496 88
420 3431 497 3503 αὖθις
511 3441 556 3496 καί
572 3439 620 3508 την
638 3439 739 3495 ἔκθεσιν
756 3441 801 3494 τοῦ
820 3437 911 3508 λόγου,
931 3431 961 3493 ori
978 3439 1113 3508 πεποίηται
1130 3437 1230 3512 Ἰουλίῳ

62 3563 84 3575 ..
106 3521 122 3580 αΙ
143 3521 221 3587 sirie
238 3523 395 3594 Μάρκελλος.
421 3528 509 3597 quibus
527 3545 558 3578 ea
575 3527 637 3579 loeis
653 3525 818 3594 intelligitur,
835 3542 886 3576 uon
904 3526 984 3576 solum
1003 3525 1114 3577 dativum
1132 3545 1230 3596 prouo-

60 3611 140 3662 minis
158 3611 272 3674 relativi,
292 3622 319 3663 ut
336 3623 424 3664 noetro
440 3613 508 3676 loco,
527 3611 664 3666 sedetiam
681 3611 848 3663 accusativum
866 3629 881 3662 a
897 3611 1009 3678 genitivo
1028 3613 1136 3664 nominis
1155 3631 1231 3682 prae-

62 3695 145 3762 gressi
162 3695 265 3748 attrahi.
302 3697 374 3748 lldde
390 3709 477 3750 ennot.
495 3699 520 3750 in
539 3701 570 3750 T.
589 3701 631 3751 lll.
651 3717 676 3767 p.
687 3703 719 3749 88
738 3697 824 3766 (888).
847 3701 898 3748 888
917 3699 1003 3764 (888).

135 3783 162 3833 l’.
177 3785 228 3833 888
248 3782 333 3854 (717).
358 3783 503 3854 Σχίσμα
521 3783 703 3852 εποίησεν,
722 3778 759 3839 oi
776 3780 844 3851 μὴν
863 3782 1153 3851 μετηλλαγμένοε
1168 3781 1230 3851 τήν

62 3867 186 3922 πίστιν
203 3867 409 3938 γεγένηται.)
444 3869 666 3938 Μετηλλαγμίνιος
683 3869 740 3921 luri
758 3885 852 3921 ornnes.
887 3869 957 3932 Quae
975 3869 1053 3920 lectio
1072 3869 1166 3937 optime
1182 3867 1230 3921 bu-

62 3952 153 4019 bebit,
180 3953 201 4004 si
225 3965 285 4022 poet
307 3952 353 4023 τήν
369 3955 453 4009 πίστιν
476 3967 569 4024 puncto
587 3955 729 4007 distinxeris
749 3965 776 4006 et
792 3953 926 4022 γεγένηται
943 3953 975 4004 ad
993 3954 1162 4022 insequentia:
1187 3944 1230 4008 uti-

63 4055 152 4098 τος..
172 4039 344 4108 συλληφθεὶς,
372 4042 493 4093 retuleris.
528 4041 680 4109 Peripbrasio
697 4041 722 4092 ln
741 4040 835 4092 verbis:
862 4037 997 4106 γεγένηται
1016 4038 1186 4106 συλληφθεὶς,
1203 4039 1230 4091 id

63 4135 104 4176 est
127 4123 291 4193 συνελήφθη,
310 4127 403 4178 nullam
421 4127 585 4180 offensionem
603 4125 688 4177 hebet.
723 4125 782 4177 Vid.
793 4131 840 4178 Ast.
859 4125 1031 4176 Animadvers.
1050 4125 1077 4175 in
1095 4127 1157 4176 Prot
1168 4125 1230 4193 Leg.

63 4229 88 4278 ρ.
99 4213 161 4260 180.
180 4211 236 4263 οσίί.
255 4223 342 4264 annot.
358 4213 384 4263 in
404 4213 526 4282 Epipbau.
544 4213 575 4264 Τ.
585 4214 616 4263 il.
631 4229 655 4279 p.
666 4215 715 4261 880
727 4211 813 4279 (888).
837 4209 988 4261 adverbium
1006 4209 1231 4278 μετηλλαγμένινς,

62 4301 228 4349 ἱπεσευίσίίσπε
245 4301 326 4362 sueto,
351 4299 390 4350 cui
407 4299 523 4350 adiicitur
540 4295 586 4364 τήν
603 4298 700 4362 πίστιν,
717 4301 744 4348 io
761 4299 822 4362 888,
846 4313 873 4346 se
891 4306 975 4346 tuetur
992 4296 1107 4366 analogia
1126 4297 1231 4350 eliorum

62 4385 90 4434 id
109 4399 191 4452 genus
208 4383 398 4447 adverbiorum,
420 4402 500 4454 quae,
525 4383 585 4434 licet
601 4381 627 4434 iu
645 4382 742 4434 Lexieis
760 4381 902 4450 vulgaribus
920 4381 974 4432 iere
991 4381 1124 4449 neglecta,
1146 4393 1231 4436 εοιαοο

64 4487 124 4520 ωιτν
146 4471 209 4538 apud
226 4471 288 4522 alios
305 4470 448 4538 scriptores,
466 4469 613 4538 praesertim
631 4467 779 4538 posterioria
796 4467 893 4530 aetatis,
913 4479 965 4516 tum
983 4466 1050 4536 apud
1069 4471 1231 4533 epiphanium

62 4553 136 4607 band
156 4571 210 4607 raro
228 4565 369 4610 σσσαπαοε.
405 4555 504 4608 Videris
523 4571 577 4609 εσσε
595 4553 629 4609 ed
645 4557 725 4608 Elium
743 4557 804 4608 8887.
822 4553 870 4605 eol.
890 4555 939 4603 788
957 4552 1027 4622 (11).
1047 4569 1084 4627 sq.
1120 4555 1157 4606 Ex
1173 4553 1231 4610 ulo-
