3166 5044
95 494 175 594 uhu
192 494 350 596 amics
371 525 461 588 usuc
478 527 529 588 ua
550 527 681 584 *naseu
700 489 798 598 ebuso
815 523 934 616 quassu
951 526 1136 614 *superos-1
1155 497 1253 599 ahons

93 609 149 662 Hoc
162 615 214 662 est:
227 607 368 679 παρελθέτω
380 607 521 670 ταπείνωσις
534 605 560 660 ἐκ
572 607 682 678 πατέρων
695 627 756 679 μου,
772 612 814 675 τῆς
827 608 981 678 θολιότητος,
994 613 1036 677 τῆς
1049 609 1253 677 καταπατησάσης

96 692 186 757 sisoi,
208 693 249 746 καλ
269 695 359 755 πόνους
381 694 596 760 καταπατησαντος
613 693 715 760 αὐτοὺς,
736 695 778 760 τῆς
794 692 936 760 δολιύτητος
954 692 980 747 ἐκ
1001 693 1112 765 πατέρων
1129 713 1189 766 μοι,
1212 700 1253 764 τῆς

95 778 265 840 ταπεινώσεως
276 782 319 845 τῆς
331 778 512 849 παρελθούσης,
529 777 552 831 θν
570 777 697 850 ἀποστολῇ
715 777 868 840 τελειώσεως·
902 778 953 834 Ubi
968 781 1094 834 nonnulla
1108 783 1254 834 necessario

95 865 329 930 commutavimus,
345 865 415 934 quod
431 865 505 918 aliter
521 865 641 924 exuicari
658 865 786 919 sententia
801 881 854 918 nou
871 869 980 936 poterat
1014 865 1066 919 Sed
1081 867 1209 936 imprimis
1224 866 1253 918 rb

95 947 200 1020 ιωχιλλ,
216 949 286 1021 quod
302 948 441 1020 κατάκρισιν
452 951 524 1004 nullo
539 951 616 1005 modo
634 950 773 1021 significat.
805 949 864 1004 Nisi
879 951 941 1021 quid
957 951 1042 1022 aptius
1059 967 1090 1004 ac
1100 951 1193 1004 melius
1205 951 1254 1004 He·

95 1035 200 1089 braiose
207 1035 313 1106 linguae
321 1036 455 1107 peritiores
460 1037 607 1107 repererint,
620 1037 749 1108 quodnon
758 1035 932 1108 desperamus.
944 1037 978 1090 At
984 1036 1100 1108 Scaliger
1109 1037 1167 1090 loco
1177 1038 1254 1092 citato

95 1121 196 1174 nullam
212 1121 241 1174 in
255 1123 307 1174 ista
319 1121 457 1175 verborum
468 1123 636 1193 conceptione
651 1121 774 1193 precandi
788 1121 927 1176 formulam
941 1123 1027 1176 inesse
1041 1127 1129 1193 putat,
1145 1122 1191 1176 sed
1201 1127 1255 1176 tres

95 1205 197 1276 γνώμας
213 1221 244 1260 ac
254 1206 439 1276 magistrorum
451 1208 600 1262 sonantius.
628 1208 715 1262 Prima
730 1213 769 1261 est
790 1179 887 1282 abab:
906 1213 998 1269 zeum
1015 1212 1067 1273 tw
1084 1213 1189 1274 wa,
1206 1207 1256 1264 hoe

96 1297 135 1344 est
145 1291 368 1362 ταπεινοφροσύνης
380 1291 547 1363 παρελθούσης
560 1290 709 1364 θπειςθγεται
727 1291 852 1359 δολιότηςι
879 1293 930 1354 Qui
941 1293 1104 1346 humilitatem
1116 1295 1255 1360 abdicavit,

95 1395 173 1447 saepe
190 1379 423 1448 fitsruuuisleatus.
458 1377 578 1432 Secunda
600 1348 698 1451 ⁸5⁸3!
721 1379 834 1440 nim}
856 1383 907 1442 'thy
925 1379 1039 1439 fltffitt't
1061 1383 1255 1440 καταπατοῦντες

98 1461 181 1514 πενίαν
194 1467 363 1516 καταπατοῦσι
379 1462 523 1529 doluitque:
550 1465 601 1525 Qui
612 1465 761 1517 conculcant
767 1473 958 1534 paupertatatis,
971 1466 1254 1534 conculcaotfroudem·

95 1547 183 1602 Tertia
191 1547 304 1618 denique
316 1520 393 1621 ὧν)
404 1535 472 1614 Ἶὴγ
483 1553 535 1613 thy
547 1555 650 1611 κιηῃι
664 1547 845 1615 θπειςελθούσης
855 1550 1024 1616 ταπεινότητος
1034 1548 1115 1620 ᾤχετο
1125 1545 1254 1620 ἀσπασμός

97 1633 148 1695 Qui
158 1651 192 1686 esc
202 1635 281 1686 diuite
291 1639 486 1704 puapersuctus
497 1645 545 1700 est,
561 1653 609 1688 oon
623 1635 739 1688 salvatur
755 1645 784 1687 ut
799 1641 864 1687 onte.
887 1634 1013 1698 Quocirca
1028 1635 1061 1687 ab
1073 1635 1189 1688 Hebraeo
1201 1635 1254 1702 illo,

95 1735 174 1790 quem
186 1717 348 1791 Epiphanius
360 1721 536 1787 consuluerat,
547 1719 638 1774 mcum
649 1735 706 1774 osse
717 1719 817 1774 iactum
828 1720 966 1774 existimat
990 1719 1028 1774 De
1040 1735 1093 1789 qus
1103 1735 1131 1772 re
1142 1721 1254 1790 amplius

95 1803 244 1858 videndum.
271 1803 387 1877 Apparet
403 1811 490 1860 autem
505 1805 533 1860 in
549 1807 634 1877 priore
646 1805 785 1871 sententia,
802 1821 881 1876 quam
891 1803 1051 1876 Epiphanius
1062 1807 1182 1876 exponit,
1194 1811 1255 1860 anta

96 1861 174 1964 nst)
195 1890 287 1945 deesse
305 1890 475 1958 vocabulum,
502 1891 571 1963 quod
594 1889 637 1959 ιην
657 1887 798 1959 ἀποστολὴν
818 1891 960 1963 significem
980 1907 1028 1962 pro
1048 1905 1100 1962 quo
1120 1862 1255 1966 nutribat

95 1977 289 2032 substituimus.

376 2113 422 2168 AD
437 2111 610 2170 uacuusut
625 2113 687 2169 XX.
702 2107 980 2170 HERODIANORUM.

161 2231 338 2300 Herodicum,
349 2247 460 2304 quorum
470 2235 499 2288 in
510 2235 647 2305 evaugelio
655 2235 754 2289 mentio
765 2241 817 2301 est,
829 2236 874 2288 alii
885 2235 918 2289 ah
929 2233 1030 2290 Herode
1041 2233 1153 2306 Magno,
1164 2233 1210 2288 alli
1220 2233 1254 2288 ab

96 2321 152 2373 sius
161 2319 218 2373 filio
229 2319 330 2373 Eerode
340 2319 436 2390 Antipa
446 2320 594 2374 nominatos
604 2321 765 2376 existimant.
792 2320 906 2374 Priorem
923 2321 1078 2374 sententiam
1094 2325 1180 2374 tuetur
1194 2319 1255 2391 Epi·

96 2406 221 2477 phanius‚
233 2405 279 2476 qni
290 2411 316 2458 et
323 2405 527 2460 Herodianorum
538 2412 636 2462 sectam
647 2423 678 2460 ac
688 2407 784 2478 dogma
792 2407 896 2477 copiose
904 2407 1074 2478 persequitur.
1093 2405 1159 2460 (lum
1167 2413 1256 2460 autem
1280 2429 1301 2469 p.
1310 2417 1341 2460 τι.

96 2493 126 2545 de
148 2491 251 2546 llerode
272 2491 355 2561 deque
374 2489 529 2546 Herodianis
550 2492 743 2546 accuratissime
771 2491 993 2563 eruditissimoque
1015 2491 1145 2546 Serrarim
1167 2499 1255 2546 noster

97 2577 221 2648 peculisri
231 2577 260 2630 in
271 2591 348 2648 opere
359 2575 540 2647 disputaverit,
556 2593 641 2648 neque
653 2578 791 2650 quicquam
807 2577 876 2648 quod
888 2593 919 2631 eo
930 2579 1070 2648 pertineret
1079 2579 1205 2630 intactum
1216 2579 1255 2632 in·

97 2663 248 2734 dictumque
263 2663 406 2733 reliquerit,
423 2679 611 2734 supervacuum
626 2663 807 2717 existimamus
823 2663 930 2717 verbum
948 2663 1061 2734 amplius
1079 2663 1162 2716 ullum
1177 2679 1255 2734 super

98 2763 128 2802 sa
143 2765 173 2802 re
183 2747 285 2813 facem,
303 2761 363 2802 cum
376 2748 409 2801 ad
419 2763 527 2802 manum
540 2749 574 2802 sit
584 2749 651 2803 liber
662 2749 705 2802 ille
715 2749 743 2802 in
755 2765 806 2819 quo
818 2748 850 2800 do
860 2747 969 2802 Herodis
981 2765 1088 2818 genere,
1100 2747 1254 2814 conditione,

98 2833 179 2905 deque
191 2833 346 2889 Herodiauis
358 2850 389 2888 ac
400 2835 521 2901 caeteris,
534 2850 600 2905 quae
611 2833 660 2888 hoc
671 2834 729 2888 loco
741 2833 828 2903 attigit
837 2831 1010 2904 Epiphanius,
1022 2833 1158 2904 diligerem
1170 2832 1254 2904 expli·

101 2921 179 2984 cavit,
192 2935 224 2974 ac
235 2919 360 2990 Scaligsri
371 2918 534 2972 ιἰναπόθιικτα
545 2919 577 2972 de
588 2917 687 2973 Herode
699 2920 801 2972 somnia
811 2917 969 2973 valldissime
980 2919 1110 2974 refutarit.

163 3003 267 3070 ’Easrbd
277 3021 322 3074 περ
332 3003 346 3056 b
358 3003 469 3075 Ἡρώδης
480 3003 550 3075 υἱός]
579 3005 618 3057 De
629 3005 737 3059 Herodis
752 3009 857 3076 parente
869 3019 969 3074 avoque
983 3019 1000 3057 a
1014 3003 1124 3076 Iosepho
1136 3005 1254 3059 dissenti-

101 3097 143 3144 unt
152 3090 308 3156 Africanus,
324 3089 464 3156 Eusebius,
481 3087 653 3160 Epiphanius,
671 3091 766 3160 aliique
777 3089 866 3144 Patres
882 3105 980 3145 omues.
1009 3089 1112 3145 Etenim
1126 3091 1170 3144 ifle
1181 3091 1254 3146 Auti-

101 3181 201 3246 patrum
213 3175 365 3230 Ιθτιποοαειι
376 3175 485 3230 llerodls
495 3181 596 3246 patrem
607 3174 777 3246 praedivitem
788 3190 820 3228 ac
829 3179 961 3245 pooeutem
972 3173 1052 3230 θείοιο
1064 3177 1163 3241 scribit,
1176 3191 1254 3230 arum

101 3269 183 3316 suum
198 3261 324 3332 Andpam
342 3259 479 3315 idumaeae
498 3261 531 3314 ah
551 3261 698 3315 Alexandro
718 3275 780 3332 rege
799 3261 983 3332 praepositum.
1015 3262 1050 3314 At
1067 3260 1156 3316 Patres
1176 3279 1254 3316 avum

101 3346 203 3402 lluodis
217 3353 244 3400 et
253 3352 388 3417 parentem
399 3347 596 3402 obscurissimos
609 3363 639 3400 ac
649 3347 826 3418 pauperrimos
842 3347 960 3400 extitisse
972 3353 1130 3412 memorant,
1150 3353 1180 3400 ut
1194 3363 1255 3400 cum

102 3435 246 3506 Antipater,
259 3447 276 3485 a
287 3449 338 3503 quo
349 3433 463 3487 Herodes
475 3434 578 3504 genitus
590 3437 643 3497 est,
658 3437 751 3504 ceptus
763 3433 796 3486 ab
808 3419 937 3486 ldumieis
950 3438 1030 3498 esset,
1048 3433 1138 3486 redimi
1150 3449 1167 3485 a
1183 3439 1255 3504 patre

103 3535 144 3573 suo
154 3525 263 3590 propter
273 3517 389 3590 inopiam
399 3519 505 3574 minime
516 3518 635 3590 potuerit.
656 3517 695 3573 De
706 3515 756 3573 hae
768 3519 919 3590 quaestione
930 3517 1036 3572 consule
1047 3535 1113 3589 quae
1125 3517 1255 3574 Seruarius

103 3605 174 3658 σίτοιο
184 3607 244 3658 loco
256 3603 369 3660 tradidit

161 3687 285 3759 Ὕστερον
307 3689 334 3742 θλ
354 3687 468 3760 θριλιύιθη
484 3687 642 3760 Δημητρίῳ]
677 3688 824 3744 Demetrius
842 3690 891 3744 iste
911 3693 1084 3762 cognomento
1101 3686 1218 3762 Εὔκαιρος
1238 3707 1255 3744 a

105 3773 198 3828 ludaeis
215 3773 366 3828 Alexandro
382 3775 439 3844 regi
452 3791 501 3828 suo
517 3775 625 3828 intensis
645 3775 678 3828 ad
695 3775 823 3830 auxilium
839 3779 946 3829 vocatus
963 3792 1023 3830 cum
1038 3791 1069 3829 eo
1084 3777 1210 3846 pugnavit
1228 3779 1255 3828 et

104 3861 193 3930 praelio
205 3860 347 3932 superavit
369 3859 422 3916 Sed
432 3875 492 3914 cum
499 3861 646 3915 Alexander
656 3861 685 3916 iu
695 3868 796 3916 montes
808 3877 866 3915 sess
877 3861 1015 3932 recepisset
1026 3862 1059 3915 ad
1074 3877 1185 3930 eumque
1197 3861 1253 3930 plu·

19 3973 20 3993 ι
105 3945 155 4000 riui
170 3943 372 4010 confluxissent,
391 3946 494 4000 territus
505 3945 651 4002 Demetrius
666 3948 756 4001 relicta
770 3947 866 4001 iudaea
882 3953 972 4002 contra
987 3946 1133 4018 Philippum
1148 3945 1253 4000 tratrem

20 4077 21 4097 ,
106 4029 194 4085 bellum
204 4045 347 4102 eggressus
359 4035 406 4085 est
427 4031 458 4085 ln
467 4047 518 4102 quo
530 4031 657 4086 aParthis
669 4038 759 4104 captus
769 4033 860 4086 morbo
870 4031 938 4104 apud
949 4031 1054 4086 eosdem
1065 4032 1194 4085 extinctus
1206 4036 1253 4086 est.

21 4113 22 4158 f
106 4113 272 4179 tumobrem
286 4116 352 4172 nihil
364 4132 423 4170 cum
435 4133 465 4170 eo
476 4117 584 4172 Herodis
595 4134 689 4188 parens
700 4119 835 4190 Antipater
846 4134 982 4172 commuue
993 4117 1095 4182 habuit,
1117 4116 1213 4170 nedum
1224 4121 1255 4170 ut

107 4201 185 4257 abillo
196 4201 308 4258 Iudaeae
323 4202 511 4276 praefecturam
526 4202 674 4257 obtinuerit
695 4203 730 4256 At
739 4203 849 4258 Herodis
864 4219 929 4257 arus
940 4203 1063 4273 Antipas‚
1079 4219 1130 4273 quo
1147 4209 1254 4274 parente

107 4293 173 4342 uatus
189 4293 232 4342 est
242 4289 388 4360 Antipater,
407 4287 556 4346 Alexandro
571 4287 628 4359 rogi
650 4303 772 4359 percarus
786 4289 820 4342 ab
835 4303 919 4360 eoque
938 4287 1075 4341 idumaeae
1090 4289 1252 4360 praepositus

108 4379 149 4438 est,
159 4381 252 4428 autore
261 4373 370 4446 losspho
380 4375 425 4430 lib.
436 4393 489 4432 κεν.
502 4391 558 4446 cap.
567 4391 596 4430 ιι.
608 4373 775 4444 Suspicamur
784 4375 873 4444 itaque
882 4371 1056 4442 multipliciter
1066 4371 1252 4430 hallucinatum

109 4455 284 4530 Epiphaniam
300 4462 413 4532 primum
430 4461 499 4532 quod
509 4459 669 4515 Demsu'ium
679 4475 727 4529 pro
738 4459 884 4512 Alexandro
900 4457 1029 4529 posuerit;
1051 4463 1108 4512 tum
1123 4460 1191 4530 quod
1202 4461 1251 4514 lle·

111 4543 166 4599 tedis
180 4552 316 4618 param
332 4561 381 4618 pro
394 4559 456 4612 aro,
475 4545 597 4600 Iudaeam
611 4559 659 4618 pro
673 4543 796 4598 Idumaea
806 4543 956 4614 imprudens
965 4545 1134 4616 usurpaverit
1157 4543 1251 4607 Quam·

112 4629 144 4684 ris
160 4633 229 4703 qued
248 4631 282 4688 ad
300 4632 489 4706 mesum
506 4626 696 4698 attinet,'alibi
711 4645 789 4700 saepe
807 4629 971 4702 Antipatrum
989 4629 1099 4687 Herode
1118 4635 1252 4702 pmntem

1015 4731 1053 4789 Gt
