3104 5038
1105 309 1208 368 CCXCl

118 467 148 524 li.
159 485 184 524 r.
207 467 282 522 Chre
294 469 336 536 τῆς
348 465 478 533 iacinctus
494 465 638 536 lodoicus]
672 466 723 532 Qui
738 467 772 520 ad
788 465 927 538 Epiphanii
941 469 1057 520 manum
1072 465 1208 538 diligenter

62 556 167 608 sumum
177 553 312 618 adiecerit,
323 569 376 608 uon
387 552 516 606 dubitabit
527 553 590 622 qnia
603 550 672 604 eino
684 569 731 624 pro
744 551 810 604 obre
821 551 881 606 huic
891 553 949 606 loco
961 553 995 606 eit
1005 553 1099 623 aptius.

120 639 151 694 N.
162 658 199 695 rr.
222 637 371 709 iduopcrpdcd
384 637 400 690 ἃ
411 635 463 690 raud
475 635 526 690 icas
542 636 710 708 divinorumo]
745 637 851 692 Nullum
868 637 996 692 eiusmodi
1011 637 1166 692 vocabulum
1181 638 1209 690 in

62 724 183 795 scripturis
200 725 308 796 reperio.
342 723 466 778 Proxima
476 739 529 776 uox
545 721 606 776 buis
624 731 664 776 est
681 727 816 786 ninum
833 725 900 778 inter
916 723 1006 793 templi
1019 737 1094 788 rasa,
1110 739 1176 792 quac
1193 738 1209 774 a

62 809 200 879 Babyloniis
212 810 312 880 direpta
323 815 556 862 commemorantur
566 808 677 861 Hierum.
690 825 745 874 nm,
759 809 797 862 19.
824 807 876 862 Sed
893 825 946 862 uon
964 807 1117 879 διυλιστῆρας
1129 809 1209 877 sigui·

61 895 119 958 leat,
130 912 220 950 rernm
232 893 332 965 φιάλας,
346 895 414 964 apud
426 911 487 948 cxx.
498 894 602 946 liieron
608 893 746 946 Psoltem‘a.
763 894 815 946 Alii
827 898 990 948 emunctoria.
1008 893 1077 948 Sane
1089 897 1209 955 niutau}

56 983 215 1046 fracescunt
250 979 302 1034 Sed
317 979 350 1032 ab
361 995 393 1032 ea
404 995 467 1032 voce
479 977 549 1032 haud
561 979 614 1032 scic
627 993 661 1032 au
678 983 830 1040 numum
848 979 957 1032 deriuari
967 979 1070 1049 possint
1079 996 1127 1049 pro
1140 981 1210 1043 colia,

62 1066 144 1133 qubus
155 1066 245 1120 riuum
257 1065 411 1118 desiccetur.
444 1063 484 1116 lta
501 1060 605 1132 μιδικὼθ
622 1063 690 1118 idem
709 1080 765 1118 csse
784 1080 814 1117 ac
832 1061 934 1125 κυάθους
951 1064 1067 1118 nondum
1084 1065 1210 1135 comperis

61 1166 128 1219 quam
140 1166 231 1204 rocem
242 1151 287 1204 lib.
300 1149 331 1202 de
342 1150 424 1202 Meus.
437 1155 463 1201 et
474 1148 554 1202 Poud.
566 1149 671 1218 repetit,
688 1164 749 1219 pag.
764 1148 828 1213 182,
844 1155 873 1202 ut
885 1155 911 1202 et
921 1149 1124 1218 antecedentem.
1158 1148 1211 1202 Sed

61 1233 152 1296 κυάθους
163 1240 239 1289 vocet
250 1233 367 1304 μεδεκώθ.
390 1234 487 1288 Verum
499 1239 620 1324 ntupum
631 1250 648 1288 e
659 1251 721 1290 axx.
734 1234 819 1287 adulor
829 1234 977 1290 redduntur.

116 1320 148 1376 N.
161 1338 207 1376 ru.
229 1319 388 1374 Luculentue
400 1325 440 1372 est
450 1317 492 1371 hio
503 1317 642 1388 Epiphauii
652 1320 738 1384 locus,
756 1336 790 1372 ex
808 1335 859 1389 qao
871 1321 1001 1374 rariorum
1017 1320 1128 1385 rituum,
1145 1337 1210 1392 quos

60 1403 177 1458 catholica
188 1421 218 1458 ac
236 1405 356 1458 Romana
374 1404 483 1458 ecclesia
498 1402 625 1474 hodieque
641 1406 744 1470 renuet,
761 1410 877 1458 vetustae
894 1407 1024 1460 asseritur.
1058 1406 1211 1460 Cuiusmodi

61 1496 112 1542 suut
121 1495 253 1544 certorum
264 1490 364 1544 diarum
374 1490 479 1554 ieiunia,
491 1505 580 1559 preces
591 1505 638 1559 pro
650 1491 759 1544 mortuis
771 1496 797 1542 ot
808 1495 957 1544 sanctorum
968 1491 1074 1560 perinde
1086 1507 1116 1544 ec
1128 1497 1211 1544 cacte-

60 1591 138 1628 rorum
149 1574 265 1632 fidelium
277 1575 543 1630 commemorationes.
568 1574 607 1628 De
619 1575 712 1644 quibus
724 1575 833 1644 aliisque
845 1576 1022 1645 compluribus
1034 1575 1091 1645 agit
1100 1579 1128 1630 iu
1141 1577 1211 1630 calce

60 1658 127 1714 huius
139 1661 236 1731 operis,
247 1662 275 1716 in
285 1660 454 1730 Expositione
463 1659 535 1713 Fidei
544 1659 698 1714 Catholicae.
717 1659 890 1722 Quamobrem
901 1661 1015 1714 inillam
1026 1662 1113 1730 ipsum
1124 1662 1211 1714 locum

60 1746 221 1814 opportunior
237 1746 392 1810 conseratur,
409 1745 433 1798 si
450 1744 512 1814 quid
529 1743 562 1798 ed
578 1744 758 1800 illustrandam
775 1743 962 1800 catholicorum
977 1744 1130 1816 dogmatum
1145 1747 1211 1798 anti·

61 1831 176 1898 quitatem
187 1831 362 1886 adnotandum
373 1830 509 1886 uidebitur.

218 2051 263 2107 AD
281 2051 454 2107 manaem
470 2051 597 2118 Lxxvl,
615 2051 704 2116 QUAE
722 2051 785 2106 EST
802 2051 1048 2107 ANOMOEORUM.
1072 2115 1073 2119 ἵ

119 2171 149 2226 li.
160 2191 179 2228 r.
202 2171 362 2244 Προαχθέντα
374 2170 413 2226 διὰ
425 2172 467 2239 τὴν
480 2171 576 2240 αὐτοῦ]
612 2172 740 2245 Constans
753 2173 830 2226 estin
842 2188 872 2226 ea
887 2174 1020 2244 opinione,
1038 2187 1116 2243 quem
1133 2189 1212 2243 supra

60 2259 198 2327 proposuit,
214 2263 244 2312 ut
254 2259 370 2322 Aetium,
388 2275 465 2328 quern
483 2273 499 2310 a
514 2257 623 2312 Leontio
636 2257 796 2310 Antiocheno
809 2259 905 2312 caeteri
915 2258 1053 2312 diaconum
1065 2258 1211 2313 ordinatum

23 2343 27 2350 '
60 2349 183 2407 aurunt,
194 2359 211 2395 a
223 2342 335 2414 Georgio
347 2343 522 2396 Alexandrino
535 2343 561 2395 id
573 2343 705 2412 dignitatis
718 2349 885 2396 consecutum
897 2345 1037 2399 existimet.

120 2427 175 2488 Πῶς
188 2426 231 2498 μὲν
239 2426 283 2494 τὴν
291 2428 371 2497 νίτρον
383 2425 480 2480 inacus
491 2425 612 2496 didicis]
628 2428 769 2481 Narrarrae
777 2433 896 2497 scraptae
905 2431 1054 2498 Acppptis'c,
1065 2430 1102 2482 ait
1112 2429 1212 2484 Plinius

60 2510 99 2564 lib.
108 2531 177 2566 xxxi.
190 2528 246 2584 cap.
256 2530 281 2566 x.
305 2513 370 2566 Hinc
382 2512 464 2566 Nitria
475 2513 588 2583 Aegypti
603 2513 776 2582 praefectura,
793 2514 882 2566 anitii
894 2515 983 2582 copia,
1000 2519 1030 2566 ut
1045 2514 1123 2566 refert
1133 2513 1212 2568 Sozo-

61 2611 144 2650 menus
155 2598 200 2650 lib.
209 2616 244 2650 vx.
256 2613 312 2668 cap.
322 2615 383 2651 xxx.
407 2597 505 2650 Horum
518 2599 597 2667 igitur
609 2613 640 2650 ac
652 2598 810 2666 reliquorum
821 2599 988 2666 vectigalium
999 2598 1146 2666 redemptor
1156 2598 1212 2650 ine-

59 2689 97 2732 rat
107 2681 245 2752 Georgius,
257 2682 326 2753 quod
337 2680 447 2750 ἐκλαβεῖν
460 2683 575 2753 appellat
585 2681 752 2752 Epiphanius.
784 2681 873 2752 Neque
885 2683 955 2734 enim
967 2683 1039 2734 alitor
1050 2682 1213 2752 interpretari

60 2765 264 2836 istapossumus.

120 2851 165 2914 Ὧς
175 2853 216 2904 ael
227 2851 310 2912 κλίνας
322 2849 456 2920 insudans]
484 2852 559 2917 Quod
570 2867 586 2904 a
598 2850 731 2904 catholicis
743 2851 943 2921 imperatoribus
954 2851 1037 2920 probe
1047 2867 1077 2904 ac
1088 2852 1211 2908 laudabili

60 2936 112 3006 lege
123 2939 304 3001 consitutum,
316 2937 540 3008 Constantinopoli
551 2937 656 3006 quidem
665 2937 782 2990 maxime
794 2952 810 2988 a
822 2937 1000 2992 Constantino.
1031 2935 1099 2992 Nam
1111 2954 1127 2990 a
1139 2939 1212 2992 deca-

60 3022 96 3074 nis
106 3031 131 3076 et
140 3023 276 3076 lecticariis
288 3023 390 3094 publice
401 3025 470 3078 elata
481 3027 542 3076 sunt
553 3038 673 3092 corpora,
692 3038 757 3092 quos
770 3027 796 3074 et
807 3019 923 3084 uortenda
934 3028 960 3076 et
971 3025 1120 3092 vespillones
1129 3024 1212 3076 nonni·

60 3115 125 3172 aaut,
136 3108 167 3161 dc
179 3108 274 3178 quibus
285 3109 312 3162 iu
324 3109 395 3176 calce
407 3109 491 3178 operis
503 3107 589 3160 huius.
612 3107 646 3158 At
659 3107 786 3176 Georgius
799 3109 922 3172 Manus,
934 3108 1084 3162 mortalium
1095 3109 1210 3164 omnium

60 3193 258 3257 sordidissimus,
269 3209 304 3246 ex
316 3211 347 3246 cu
358 3211 385 3246 re
397 3195 498 3246 lucrum
510 3209 539 3246 ao
552 3191 735 3262 compendium
747 3193 875 3262 captabat.

121 3277 166 3330 Καὶ
176 3280 265 3330 σιωπῶ
273 3274 304 3330 rh
313 3273 378 3330 ἄλλα
386 3277 483 3348 λέγειν.]
502 3277 615 3332 Verbum
627 3276 768 3347 κομίζεσθαι
779 3278 854 3330 aliter
864 3278 980 3332 ionmsis
992 3279 1210 3348 interpretandum

60 3378 132 3430 quem
144 3369 173 3416 ut
183 3365 210 3416 in
221 3363 321 3416 Latinis
333 3363 429 3416 nostnia
441 3363 601 3432 exprimitur,
619 3363 743 3416 nimirum
760 3367 895 3432 quaestum
908 3379 980 3416 exre
993 3365 1109 3432 qualibet
1119 3365 1212 3418 iecisse

61 3445 207 3517 Georgium,
224 3453 318 3518 utputa
335 3465 368 3500 ex
384 3448 492 3502 leuntiis
510 3453 536 3500 et
547 3447 675 3517 cupediis,
692 3463 758 3516 quae
770 3447 943 3500 Menandrico
953 3449 1139 3513 vendebantur,
1157 3465 1212 3502 ure·

60 3533 125 3584 rime
135 3533 162 3586 in
173 3532 324 3602 εὐδαιμόνων
336 3532 416 3604 luipo
427 3533 458 3585 de
471 3549 524 3602 qua
534 3533 566 3586 ad
577 3534 665 3586 Arion.
677 3532 746 3586 haer.
759 3532 856 3585 dictum
868 3537 919 3596 est,
937 3537 993 3586 tum
1007 3536 1116 3588 caeteris
1128 3551 1161 3588 ex
1173 3551 1211 3588 re·

61 3616 112 3672 bna
144 3617 244 3682 Quibus
256 3617 382 3672 accedunt
392 3634 458 3688 quae
470 3635 515 3688 per
526 3635 656 3672 summam
668 3617 845 3672 crudelitatem
856 3617 988 3686 exigebat.
1023 3617 1090 3672 Nam
1101 3621 1213 3672 Alexan·

60 3700 187 3758 drinorum
204 3703 385 3773 episcoporum
401 3718 498 3772 magua
512 3703 685 3758 Alexandriae
701 3707 816 3773 potestas
833 3701 891 3755 fuit.
922 3702 961 3756 De
973 3703 1090 3758 Dioscuri
1100 3706 1213 3758 Alexan·

60 3786 121 3840 driui
136 3789 225 3842 itidem
241 3789 357 3858 episcopi
372 3788 467 3858 iniquis
480 3803 510 3841 ac
522 3790 664 3857 tyrannicis
677 3787 856 3842 exactionibus
867 3788 950 3840 multe
961 3789 1073 3858 sparsim
1084 3795 1175 3844 extem
1185 3792 1211 3846 in

60 3869 174 3930 Chalced.
187 3873 302 3942 syuodo.

121 3957 152 4014 N.
165 3977 205 4014 ιιι.
229 3957 359 4027 Γιγονότες
372 3955 630 4028 ἃμαἈστιρίῳτινί.]
667 3958 770 4027 Deque
782 3957 985 4014 sociarentur.
998 3973 1153 4028 ospmvr.
1165 3958 1212 4012 So·
1237 3971 1311 4020 pauo.

60 4057 119 4096 rom
132 4044 177 4098 lib.
187 4061 215 4097 rr.
226 4059 285 4114 cap.
293 4061 365 4098 xxxr.
387 4043 507 4096 Meminit
518 4049 545 4096 et
554 4041 712 4095 Athanasius
724 4043 769 4096 lib.
781 4043 812 4095 de
824 4041 944 4112 Synodie.
977 4043 1025 4096 Hic
1036 4042 1106 4112 quod
1117 4043 1144 4098 in
1155 4059 1211 4113 pcr-

59 4129 186 4182 cecntione
195 4127 382 4205 sacrificasset,
393 4128 519 4192 ordinari,
531 4127 600 4198 quod
611 4128 726 4196 apprime
738 4128 869 4196 cupiebat,
881 4145 934 4182 uon
945 4128 1036 4198 potuit.

120 4210 240 4285 Ὕστερον
252 4211 293 4266 ὑπ’
306 4211 386 4264 αὐτῶν
399 4215 447 4264 τῶν
459 4213 608 4282 Ἀριανῶν]
625 4213 665 4266 Ab
676 4212 708 4265 iis
720 4212 840 4266 videlicet
850 4214 989 4284 episcopis,
1003 4213 1048 4282 qui
1059 4229 1092 4266 ex
1104 4219 1212 4283 utroque

59 4299 176 4364 concilio,
193 4299 352 4352 Ariminensi
371 4313 402 4350 ae
421 4297 593 4362 Seleucieuei,
613 4297 866 4370 Constantinopolim
886 4298 918 4350 ad
938 4297 1119 4352 Constantium
1138 4299 1212 4354 missi

58 4391 138 4448 cant,
150 4383 307 4453 quibuscum
319 4383 460 4454 disputarit
469 4382 569 4436 ditius.
591 4381 752 4436 Soaomeuus
763 4384 808 4436 lib.
817 4401 853 4438 ιν.
865 4399 921 4452 cap.
930 4399 994 4436 xxrr.

120 4467 153 4524 N.
165 4486 211 4524 sir.
246 4465 307 4520 'Aah
326 4466 368 4537 plu
386 4472 430 4519 τοῦ
447 4465 579 4536 Ἕβραὶὶιοῦ
597 4467 697 4534 cicun]
731 4469 857 4522 Hebraico
876 4467 914 4520 ita
932 4467 1089 4538 conpriiur:
1119 4473 1212 4532 unm

57 4525 151 4624 coho
169 4521 267 4628 utho
286 4557 382 4614 uictu
400 4555 494 4639 nnuc
516 4557 578 4616 nitu
600 4555 707 4616 muna
725 4557 823 4616 nutu
840 4557 925 4644 paru
941 4558 987 4614 ua
1004 4561 1082 4616 aaut
1099 4557 1211 4619 urnac

969 4653 1010 4710 p.
