3138 5044
284 267 386 326 utvm

283 425 365 480 tuisse
373 423 514 494 significet
531 423 598 478 Nam
610 427 671 494 post
680 423 801 494 eclipsin,
814 421 854 474 sal
862 419 906 489 τὴν
915 419 1088 492 lxmpdstuors
1098 419 1130 482 εἰς
1139 421 1167 474 rh
1180 425 1224 474 rot
1234 417 1305 489 ἡλίου
1318 417 1440 491 eriperem

283 507 483 576 dsrusraorr‘psr
493 511 583 564 lunam
595 509 701 573 asserit,
717 507 768 562 hoc
784 513 825 560 est
841 507 869 560 in
886 525 947 562 euru
962 508 1030 562 coeli
1044 509 1131 562 locum
1147 507 1295 578 pervenisse
1310 505 1355 576 qni
1365 521 1380 558 e
1390 504 1442 558 dia·

271 601 365 650 metro
377 596 460 650 solem
472 595 617 665 respiceret.
635 593 688 648 Sed
700 611 733 648 err
744 594 795 648 illis
804 594 925 662 Dionysii
936 594 1022 648 verbis
1035 591 1099 646 nihil
1110 592 1142 646 de
1153 593 1294 664 plenilunio
1307 591 1442 660 colligitur.

282 679 317 733 Ut
328 681 398 734 enim
409 681 499 736 lunam
510 687 572 734 tuno
584 676 750 750 dpplsooproe
762 679 843 734 inisse
854 678 961 743 demus,
977 695 1038 732 cunr
1054 695 1086 732 ee
1102 684 1163 749 post
1178 675 1350 748 irruptotpoo
1362 676 1444 747 prieti

282 782 346 821 num
358 765 391 820 ad
402 766 489 820 locum
499 765 686 836 regrederetur,
703 781 750 835 per
765 781 824 818 eam
836 764 900 818 coeli
911 765 1018 836 plegem
1030 779 1097 834 qnae
1109 765 1159 818 soli
1169 778 1203 818 ex
1215 763 1323 816 adverso
1334 767 1391 816 erat
1401 777 1443 832 op

282 851 368 922 pesile
378 851 513 904 transiisse
524 851 611 904 solum
622 851 725 915 dicitur,
739 867 791 904 non
809 850 837 903 iu
854 865 886 904 se
902 851 1060 905 constitisse.
1083 849 1146 904 Plus
1157 850 1227 902 enim
1238 848 1371 902 dimirhato
1383 847 1443 900 orbs

282 937 416 1006 percurrit
439 935 566 1000 Quocirca
576 934 641 990 nihil
652 941 693 990 est
705 935 774 1004 quod
784 933 936 1006 Epiphauii,
951 935 1068 1006 edeoque
1082 935 1213 990 communi
1224 934 1391 1004 sntiquorum
1401 947 1444 1003 ps-

283 1028 352 1076 trum
363 1021 507 1076 sententiae
519 1021 550 1074 de
562 1021 764 1091 compassionis
776 1036 845 1074 anno
863 1021 999 1090 negotium
1009 1021 1130 1075 lacessat.
1164 1019 1238 1074 Nunc
1254 1020 1352 1073 unleds
1368 1019 1446 1072 verta

284 1107 437 1177 singillatim
449 1106 639 1178 expendemus,
651 1108 675 1160 si
686 1107 771 1176 prius,
784 1106 854 1176 quod
864 1106 1054 1176 propemodum
1065 1105 1210 1172 exciderat,
1222 1105 1323 1160 Onnirii
1333 1122 1369 1158 ex
1378 1103 1445 1160 oau-

283 1193 337 1246 rico
349 1193 504 1266 seutentiam
517 1191 548 1246 de
558 1189 653 1246 Christi
663 1192 784 1262 passione
795 1191 953 1247 refellamus.
971 1192 1020 1246 llic
1031 1193 1102 1246 enim
1113 1207 1173 1246 curn
1185 1209 1253 1246 auno
1265 1205 1338 1244 asses
1349 1191 1446 1258 Diony-

284 1277 373 1332 siauae
388 1295 478 1332 ιιιιι.
495 1278 568 1330 illam
585 1277 709 1330 accidisse
727 1277 876 1342 confirmet,
892 1277 982 1330 Martii
997 1295 1085 1343 auru,
1102 1278 1166 1330 luna
1181 1293 1268 1342 rrum,
1291 1291 1358 1347 quas
1375 1281 1445 1330 aute·

285 1362 390 1418 cedente
402 1377 510 1433 vespera
521 1362 573 1414 ism
585 1361 707 1416 inchoata
717 1362 814 1428 fueret,
831 1362 939 1416 ludaeos
956 1364 1050 1416 esssrit
1060 1363 1224 1418 neomeniam
1234 1377 1287 1416 nou
1299 1377 1315 1414 a
1326 1361 1398 1416 coitu
1408 1361 1445 1414 lu·

284 1448 438 1512 minsrium,
452 1445 497 1500 sed
510 1463 527 1500 a
538 1448 697 1502 corniculata
708 1448 796 1519 effigie
808 1449 937 1519 coepisse,
954 1447 1002 1502 hoc
1015 1453 1056 1502 set
1065 1449 1142 1502 tertio
1154 1447 1195 1502 die
1206 1453 1266 1520 post
1274 1446 1444 1510 novilunium,

285 1533 354 1604 quod
365 1550 403 1590 ιι.
416 1532 457 1586 die
468 1533 555 1586 Martii
566 1533 636 1588 circs
646 1533 710 1588 solis
723 1549 845 1587 occasum
858 1534 1027 1588 commissum
1038 1539 1087 1589 sat.
1105 1533 1178 1588 Unde
1191 1533 1272 1588 cirilla
1283 1547 1374 1586 eornm
1385 1547 1444 1586 ueo·

283 1619 372 1675 menia
380 1615 428 1670 iri
439 1622 480 1686 τῆς
490 1615 653 1688 pinseriniit
659 1619 748 1674 Martii
756 1637 804 1674 ιιι.
822 1619 905 1689 Igitur
914 1619 1115 1690 decimaquinta
1123 1619 1263 1674 incurritin
1272 1615 1444 1674 semmam

284 1705 354 1758 llaec
366 1703 498 1760 Onuirius.
534 1703 605 1768 Ques
617 1719 676 1758 oum
688 1719 721 1758 ex
734 1703 839 1758 Iudaica
850 1704 967 1758 doctrina
981 1703 1102 1758 hausisse
1118 1721 1146 1758 se
1162 1704 1320 1776 profiteatur,
1335 1703 1445 1756 multam

284 1797 372 1844 tarsen
384 1789 417 1844 ab
429 1806 460 1844 ea
472 1789 625 1860 discrepant
648 1788 739 1858 Neque
750 1791 820 1844 enim
832 1791 970 1844 neomenia
981 1807 1041 1844 cum
1053 1786 1102 1842 tre
1114 1793 1156 1856 τῆς
1168 1787 1264 1860 pisso:
1279 1789 1445 1844 constituere·

284 1882 334 1940 tor,
350 1875 435 1930 triduo
447 1876 481 1930 ab
492 1891 554 1928 vero
566 1875 636 1928 coitu
647 1891 763 1944 unquam
774 1875 871 1940 attuit,
887 1875 934 1928 sed
946 1892 998 1930 uno
1015 1875 1048 1928 ad
1063 1891 1194 1930 summam
1205 1875 1246 1928 dle
1256 1880 1317 1946 post
1326 1874 1401 1928 illum
1413 1873 1445 1926 ci·

285 1963 344 2016 vilis
356 1961 495 2016 neomenia
506 1959 656 2014 denunciari
667 1961 780 2026 solebat,
796 1965 826 2014 ut
842 1977 875 2014 ex
888 1960 919 2014 lt.
928 1961 1003 2014 llose
1015 1966 1129 2026 constat,
1147 1960 1178 2014 ds
1193 1960 1314 2031 quocies
1330 1961 1445 2030 glossam

285 2063 343 2116 cap.
356 2065 374 2100 1.
385 2043 526 2100 Kiddusch.
549 2045 630 2114 Atqui
641 2061 710 2098 anno
723 2046 767 2098 illo
780 2063 869 2100 ιιιιι.
882 2047 954 2116 cyclo
966 2048 1045 2102 lonae
1056 2065 1124 2112 ιιι,
1139 2047 1202 2100 solis
1214 2063 1269 2112 ru,
1285 2045 1446 2100 norilunium

284 2147 376 2184 rerum
386 2130 478 2186 incidit
488 2130 515 2182 in
526 2129 614 2183 Martii
624 2147 674 2195 ιι,
684 2129 756 2184 horis
766 2149 782 2184 ι
794 2147 854 2186 oum
868 2133 962 2186 triente
978 2132 1033 2186 lere
1044 2147 1061 2185 s
1071 2131 1159 2186 media
1168 2138 1255 2197 nocte,
1269 2137 1330 2185 octe
1346 2131 1447 2184 circiter

285 2214 355 2272 horis
366 2221 428 2286 post
437 2215 549 2268 mediam
566 2215 777 2270 coniunctionem
792 2233 860 2287 quac
871 2233 960 2272 reram
976 2219 1117 2272 mucemit
1131 2219 1159 2270 in
1176 2217 1316 2272 meridiano
1328 2215 1448 2270 llisroso·

285 2301 421 2370 lymitano.
457 2299 541 2364 Quare
552 2301 649 2354 laisum
660 2302 786 2356 esttertio
797 2302 904 2358 demum
915 2303 971 2369 dis,
988 2302 1037 2357 hoc
1053 2309 1095 2358 sst
1109 2321 1156 2360 ιιι.
1167 2303 1266 2369 llartii,
1284 2301 1448 2356 neomeniam

286 2401 344 2440 esse
356 2385 478 2440 defixam

353 2470 385 2528 ll.
398 2489 470 2528 ιιιι.
493 2467 588 2542 Πάσχα
600 2469 627 2524 tl
637 2468 662 2524 lv
674 2476 704 2541 τῇ
716 2472 765 2543 opt
777 2472 837 2526 tiss
849 2473 942 2546 τριῶν]
970 2473 1048 2528 Nullo
1059 2474 1174 2544 Sibyllae
1184 2474 1248 2528 tells
1258 2488 1345 2544 neque
1354 2471 1449 2544 Sphin-

286 2557 327 2628 gis
339 2558 489 2628 oenigmata
505 2573 566 2612 oum
577 2573 668 2612 sorum
679 2575 747 2628 qnae
758 2565 902 2630 sequuntur
912 2561 1071 2614 comunitate
1082 2559 1191 2614 couisrri
1200 2565 1329 2632 possunt,
1336 2573 1407 2629 quae
1414 2573 1450 2612 us

284 2643 328 2698 ills
341 2643 445 2714 quidem
456 2643 647 2698 eruditissimus
659 2643 858 2698 mathematicus
870 2652 1006 2700 assecutus
1016 2652 1058 2699 est
1072 2646 1117 2715 qui
1131 2643 1201 2700 huuc
1216 2645 1319 2716 cyclum
1335 2644 1452 2698 solertis·

286 2729 351 2784 sime
362 2729 510 2784 desisterit
542 2728 673 2800 Imprimis
685 2732 756 2786 enim
767 2731 876 2786 ludaeos
888 2732 926 2784 ait
937 2727 1077 2801 ὑπιρβὰσει,
1095 2730 1145 2785 hoc
1156 2737 1196 2786 est
1206 2729 1389 2795 hausistione,
1405 2742 1451 2799 pa-

286 2813 348 2870 sche
359 2815 535 2880 submovisse,
552 2813 683 2870 Christum
694 2833 755 2870 roro
771 2833 880 2887 passum
895 2817 959 2870 luna
969 2834 1023 2871 ιιι.
1040 2819 1162 2888 suscepisti
1180 2816 1249 2887 plsp.
1283 2813 1452 2886 OptimeKe-

285 2901 372 2971 plerns
383 2902 473 2954 lunam
484 2899 526 2954 hic
537 2900 679 2956 Nicaeuam
690 2903 822 2972 intelligit.
857 2901 954 2956 Passus
970 2908 1011 2955 est
1026 2907 1126 2967 eutem,
1142 2907 1171 2954 nt
1187 2901 1268 2955 credit
1277 2899 1451 2972 Epiphanius,

286 3003 343 3040 arar.
355 2985 413 3041 Kel.
426 2987 500 3055 Apu,
517 2985 544 3040 id
561 2994 601 3040 est
617 2988 704 3040 Martii
719 3005 763 3042 ιι.
799 2987 879 3056 Atqui
896 2987 959 3040 luna
975 2993 1033 3040 tum
1048 2986 1176 3052 Nicaens,
1196 2987 1287 3042 eodem
1303 2985 1450 3057 Epiphanio

287 3077 389 3136 autore,
406 3070 457 3124 fuit
468 3089 537 3137 urm,
555 3073 604 3126 sub
616 3088 752 3143 vesperam
763 3078 850 3126 antem
862 3074 1025 3143 cespitum,
1043 3088 1103 3126 cnm
1113 3073 1140 3126 in
1153 3072 1225 3142 cyclo
1236 3071 1342 3126 ludaico
1354 3072 1450 3126 vitioso

287 3163 357 3210 mast
368 3173 423 3221 ru,
435 3163 560 3225 sequente
571 3174 624 3210 rvr.
647 3157 699 3210 Sed
711 3155 766 3210 καθ’
779 3157 910 3227 ὑπέρβασιν
922 3159 956 3212 ab
967 3158 1060 3212 mdem
1071 3175 1124 3212 ιιι.
1135 3157 1204 3212 lacta
1214 3165 1266 3223 est,
1279 3171 1339 3210 cam
1351 3158 1380 3210 in
1391 3172 1452 3210 eam

287 3239 385 3312 pasche
395 3241 563 3296 traiecisssnt
586 3242 682 3296 Verum
694 3243 725 3296 de
736 3241 786 3298 hae
796 3244 940 3314 posteriore
954 3243 1037 3315 accipi
1051 3259 1104 3298 non
1119 3247 1217 3314 potest,
1234 3243 1297 3312 qula
1312 3240 1451 3312 memprvlp

286 3327 359 3382 sstem
370 3332 454 3381 vocet.
489 3325 591 3380 ludaeis
603 3345 663 3382 vero
677 3334 738 3399 post
749 3327 880 3398 μετάβασιν
892 3347 945 3384 ιιι.
958 3329 1033 3382 desiit
1043 3329 1070 3382 in
1082 3347 1138 3394 ιι,
1153 3328 1263 3398 ideoque
1278 3328 1329 3382 luit
1345 3325 1450 3399 ἡμηριιὴ

287 3429 330 3466 ιιι.
352 3411 421 3465 Fieri
432 3417 519 3482 potest
529 3419 559 3465 ut
569 3414 777 3468 emendationem
787 3413 829 3468 hic
841 3415 914 3468 locus
925 3415 1013 3485 potius
1025 3429 1104 3485 quam
1115 3414 1354 3484 interpretationem
1365 3413 1451 3484 requi·

285 3503 327 3552 rat
337 3497 528 3568 legendumque
540 3499 586 3550 sit:
603 3497 782 3568 τριςκαιδεκάιη
796 3497 897 3570 ἡμερινὴ
911 3498 987 3568 μέση,
1004 3498 1053 3553 hoc
1064 3505 1106 3554 cst
1115 3500 1257 3565 innarenn,
1270 3497 1383 3570 quassis
1392 3505 1450 3552 ortu

286 3585 350 3638 solis
361 3584 465 3654 incipit,
481 3581 597 3648 labente,
613 3585 666 3638 imo
684 3585 837 3655 μισιζούσῃ,
855 3585 904 3638 sub
916 3585 1050 3638 meridiem
1062 3583 1181 3638 videlicet
1191 3584 1254 3650 diei,
1271 3601 1323 3654 quo
1339 3585 1451 3642 ciuiliter

187 3701 208 3742 p,
217 3691 261 3732 m,
285 3688 344 3726 ιιιι.
353 3671 417 3724 lons
427 3675 584 3724 numeratur.
619 3668 693 3733 Quod
704 3671 757 3724 nisi
767 3672 805 3724 its
815 3677 866 3736 est,
877 3669 943 3724 nihil
954 3671 1066 3724 occurrit
1076 3671 1162 3741 aptius
1171 3687 1251 3740 quam
1259 3668 1329 3740 quod
1336 3667 1450 3740 Keplsro

285 3756 396 3827 placuit,
413 3754 540 3808 decimam
556 3760 675 3824 quartam
690 3755 830 3810 Nicaeuam
846 3757 933 3810 noceri
944 3773 1015 3820 run,
1034 3755 1103 3826 quod
1117 3757 1145 3810 in
1161 3772 1218 3809 eam
1230 3761 1334 3812 noctem
1347 3754 1452 3810 desinat

286 3857 366 3912 aqua
377 3859 430 3896 ιιι.
441 3840 545 3894 initium
556 3841 668 3911 sucepit,
685 3841 904 3911 quemadmodum
919 3841 974 3896 dies
986 3857 1137 3910 azymorum
1149 3842 1181 3895 ab
1194 3841 1364 3911 evangelistis
1374 3855 1451 3911 para-

287 3943 362 3982 sceve
373 3928 431 3998 ipsa
441 3923 586 3996 paschatis,
602 3927 657 3980 sire
674 3926 774 3980 decimo
788 3933 882 3997 quarta
892 3927 990 3980 mensis
1001 3927 1146 3998 appellatur
1157 3926 1220 3980 κατὰ
1231 3925 1362 3997 πρόληψιν.
1398 3925 1450 3980 Sed

287 4015 343 4065 tum
355 4011 417 4082 pion
429 4027 494 4077 vox,
506 4012 529 4064 si
540 4012 675 4066 meridiem
687 4011 828 4082 significet,
841 4029 934 4083 parum
946 4017 1005 4083 apte
1016 4011 1173 4068 cohaerebit.
1205 4011 1263 4066 Non
1275 4011 1345 4064 enim
1357 4016 1400 4065 est
1409 4027 1450 4062 νι-

288 4095 380 4166 respui
392 4096 468 4166 μέση,
485 4113 553 4166 quae
568 4097 674 4152 nonnisi
688 4103 748 4168 post
758 4113 893 4168 vesperam
908 4099 1001 4169 coepit
1036 4097 1088 4151 Sed
1105 4113 1190 4168 neque
1204 4097 1304 4152 medios
1316 4096 1350 4150 ad
1361 4103 1450 4151 motus

288 4182 474 4236 echonomicos
490 4197 550 4236 msa
565 4183 696 4236 sententia
711 4183 827 4253 respexit
841 4183 1011 4254 Epiphanius.
1044 4182 1220 4248 Quamobrem
1237 4181 1266 4235 rt
1278 4181 1341 4253 pion
1357 4184 1450 4238 werae

288 4279 334 4336 per
344 4281 386 4318 me
398 4267 502 4336 quidem
513 4273 607 4338 potest

356 4349 498 4420 Προέλαβον
509 4349 571 4422 γὰρ,
583 4351 624 4405 sul
635 4347 747 4423 despue]
782 4353 830 4408 llic
843 4354 887 4408 ille
902 4355 986 4410 nodus
1003 4359 1044 4409 est
1054 4352 1241 4427 propemodum
1252 4353 1448 4417 inextricabilis,

289 4451 367 4508 quem
379 4437 543 4490 acutismmus
555 4438 598 4492 ille
608 4437 805 4492 mathematicus
816 4455 869 4493 non
881 4439 1006 4494 dissolvit
1029 4439 1074 4494 Sic
1086 4441 1155 4496 euim
1167 4441 1362 4510 iuterpretatur:
1377 4437 1448 4493 Olari-

288 4528 345 4576 stus
356 4537 417 4574 cum
428 4520 529 4574 ludaeis
543 4523 697 4591 quibusdam
713 4522 812 4594 pascha
827 4525 892 4578 obiit
902 4525 964 4578 luna
975 4525 1079 4578 iudaice
1090 4525 1184 4581 vitiosa
1194 4541 1248 4583 ιιι.
1258 4533 1387 4592 exeunte,
1403 4523 1448 4578 lli-
