<?xml version="1.0" encoding="UTF-8"?>
<!DOCTYPE html PUBLIC "-//W3C//DTD XHTML 1.0 Transitional//EN"
    "http://www.w3.org/TR/xhtml1/DTD/xhtml1-transitional.dtd">
<html xmlns="http://www.w3.org/1999/xhtml" xml:lang="en" lang="en">
 <head>
  <title>
</title>
<meta http-equiv="Content-Type" content="text/html;charset=utf-8" />
  <meta name='ocr-system' content='tesseract 3.04.00' />
  <meta name='ocr-capabilities' content='ocr_page ocr_carea ocr_par ocr_line ocrx_word'/>
</head>
<body>
  <div class='ocr_page' id='page_1' title='image "./corporishaerese05oehlgoog_0072.png"; bbox 0 0 3166 5044; ppageno 0'>
   <div class='ocr_carea' id='block_1_1' title="bbox 1218 302 1283 362">
    <p class='ocr_par' dir='ltr' id='par_1_1' title="bbox 1218 302 1283 362">
     <span class='ocr_line' id='line_1_1' title="bbox 1218 302 1283 362; baseline 0 0"><span class='ocrx_word' id='word_1_1' title='bbox 1218 302 1283 362; x_wconf 78' lang='lat' dir='ltr'><strong>m</strong></span> 
     </span>
    </p>
   </div>
   <div class='ocr_carea' id='block_1_2' title="bbox 113 460 1402 4654">
    <p class='ocr_par' dir='ltr' id='par_1_2' title="bbox 114 460 1279 696">
     <span class='ocr_line' id='line_1_2' title="bbox 182 460 1279 536; baseline -0.004 -18"><span class='ocrx_word' id='word_1_2' title='bbox 182 463 262 526; x_wconf 64' lang='lat' dir='ltr'><strong>maa&lt;</strong></span> <span class='ocrx_word' id='word_1_3' title='bbox 274 463 356 536; x_wconf 55' lang='lat' dir='ltr'><strong>heth]</strong></span> <span class='ocrx_word' id='word_1_4' title='bbox 381 463 534 536; x_wconf 83' lang='lat' dir='ltr'><strong>hagsudum</strong></span> <span class='ocrx_word' id='word_1_5' title='bbox 546 463 653 520; x_wconf 88' lang='lat' dir='ltr'><strong>omnino</strong></span> <span class='ocrx_word' id='word_1_6' title='bbox 664 463 743 525; x_wconf 69' lang='lat' dir='ltr'><strong>hudhe</strong></span> <span class='ocrx_word' id='word_1_7' title='bbox 753 463 795 516; x_wconf 79' lang='lat' dir='ltr'><strong>ael</strong></span> <span class='ocrx_word' id='word_1_8' title='bbox 806 461 880 534; x_wconf 67' lang='grc' dir='ltr'><strong>Σιγὴ,</strong></span> <span class='ocrx_word' id='word_1_9' title='bbox 896 465 927 516; x_wconf 86' lang='grc' dir='ltr'><strong>ιι</strong></span> <span class='ocrx_word' id='word_1_10' title='bbox 942 463 970 516; x_wconf 86' lang='lat' dir='ltr'><strong>ia</strong></span> <span class='ocrx_word' id='word_1_11' title='bbox 981 461 1089 516; x_wconf 74' lang='lat' dir='ltr'><strong>matesis</strong></span> <span class='ocrx_word' id='word_1_12' title='bbox 1101 460 1216 532; x_wconf 82' lang='lat' dir='ltr'><strong>parihaa</strong></span> <span class='ocrx_word' id='word_1_13' title='bbox 1241 460 1279 514; x_wconf 80' lang='lat' dir='ltr'><strong>Ac</strong></span> 
     </span>
     <span class='ocr_line' id='line_1_3' title="bbox 115 545 1279 622; baseline -0.003 -18"><span class='ocrx_word' id='word_1_14' title='bbox 115 565 175 604; x_wconf 91' lang='lat' dir='ltr'><strong>cum</strong></span> <span class='ocrx_word' id='word_1_15' title='bbox 187 555 244 604; x_wconf 86' lang='lat' dir='ltr'><strong>tota</strong></span> <span class='ocrx_word' id='word_1_16' title='bbox 255 551 301 604; x_wconf 88' lang='lat' dir='ltr'><strong>illa</strong></span> <span class='ocrx_word' id='word_1_17' title='bbox 312 552 392 605; x_wconf 89' lang='lat' dir='ltr'><strong>series</strong></span> <span class='ocrx_word' id='word_1_18' title='bbox 403 551 472 622; x_wconf 89' lang='lat' dir='ltr'><strong>apud</strong></span> <span class='ocrx_word' id='word_1_19' title='bbox 483 550 618 604; x_wconf 86' lang='lat' dir='ltr'><strong>irenaeum</strong></span> <span class='ocrx_word' id='word_1_20' title='bbox 631 557 660 604; x_wconf 89' lang='lat' dir='ltr'><strong>et</strong></span> <span class='ocrx_word' id='word_1_21' title='bbox 669 550 858 604; x_wconf 79' lang='lat' dir='ltr'><strong>Tertullianum</strong></span> <span class='ocrx_word' id='word_1_22' title='bbox 873 549 984 618; x_wconf 86' lang='lat' dir='ltr'><strong>legatur,</strong></span> <span class='ocrx_word' id='word_1_23' title='bbox 999 547 1062 619; x_wconf 85' lang='lat' dir='ltr'><strong>qaid</strong></span> <span class='ocrx_word' id='word_1_24' title='bbox 1077 546 1146 620; x_wconf 83' lang='lat' dir='ltr'><strong>apud</strong></span> <span class='ocrx_word' id='word_1_25' title='bbox 1160 545 1279 616; x_wconf 78' lang='lat' dir='ltr'><strong>singulos</strong></span> 
     </span>
     <span class='ocr_line' id='line_1_4' title="bbox 114 635 575 696; baseline 0 -7"><span class='ocrx_word' id='word_1_26' title='bbox 114 635 246 690; x_wconf 80' lang='grc' dir='ltr'><strong>ιίιιιιιιι</strong></span> <span class='ocrx_word' id='word_1_27' title='bbox 258 638 294 690; x_wconf 85' lang='lat' dir='ltr'><strong>sit</strong></span> <span class='ocrx_word' id='word_1_28' title='bbox 304 653 353 691; x_wconf 89' lang='lat' dir='ltr'><strong>auo</strong></span> <span class='ocrx_word' id='word_1_29' title='bbox 364 638 422 692; x_wconf 88' lang='lat' dir='ltr'><strong>loco</strong></span> <span class='ocrx_word' id='word_1_30' title='bbox 434 637 575 696; x_wconf 74' lang='lat' dir='ltr'><strong>docebitur.</strong></span> 
     </span>
    </p>

    <p class='ocr_par' dir='ltr' id='par_1_3' title="bbox 113 716 1279 964">
     <span class='ocr_line' id='line_1_5' title="bbox 165 716 1279 793; baseline -0.004 -17"><span class='ocrx_word' id='word_1_31' title='bbox 165 721 250 778; x_wconf 51' lang='lat' dir='ltr'><strong>Nom,</strong></span> <span class='ocrx_word' id='word_1_32' title='bbox 268 723 342 776; x_wconf 70' lang='grc' dir='ltr'><strong>Οιιω</strong></span> <span class='ocrx_word' id='word_1_33' title='bbox 353 721 402 793; x_wconf 71' lang='grc' dir='ltr'><strong>γάρ</strong></span> <span class='ocrx_word' id='word_1_34' title='bbox 414 739 474 792; x_wconf 78' lang='lat' dir='ltr'><strong>paor</strong></span> <span class='ocrx_word' id='word_1_35' title='bbox 484 722 526 774; x_wconf 77' lang='lat' dir='ltr'><strong>sal</strong></span> <span class='ocrx_word' id='word_1_36' title='bbox 537 721 560 774; x_wconf 92' lang='lat' dir='ltr'><strong>ol</strong></span> <span class='ocrx_word' id='word_1_37' title='bbox 570 721 625 792; x_wconf 70' lang='grc' dir='ltr'><strong>περὶ</strong></span> <span class='ocrx_word' id='word_1_38' title='bbox 637 721 680 773; x_wconf 78' lang='grc' dir='ltr'><strong>τὀν</strong></span> <span class='ocrx_word' id='word_1_39' title='bbox 691 720 829 788; x_wconf 78' lang='grc' dir='ltr'><strong>Ἧσιοιον.]</strong></span> <span class='ocrx_word' id='word_1_40' title='bbox 851 720 918 774; x_wconf 79' lang='lat' dir='ltr'><strong>(lun</strong></span> <span class='ocrx_word' id='word_1_41' title='bbox 927 720 1055 774; x_wconf 81' lang='lat' dir='ltr'><strong>vocabalo</strong></span> <span class='ocrx_word' id='word_1_42' title='bbox 1064 720 1137 790; x_wconf 84' lang='lat' dir='ltr'><strong>ipsa,</strong></span> <span class='ocrx_word' id='word_1_43' title='bbox 1148 723 1204 772; x_wconf 85' lang='lat' dir='ltr'><strong>cnm</strong></span> <span class='ocrx_word' id='word_1_44' title='bbox 1216 716 1279 772; x_wconf 74' lang='grc' dir='ltr'><strong>οιὰι</strong></span> 
     </span>
     <span class='ocr_line' id='line_1_6' title="bbox 113 804 1279 880; baseline -0.002 -20"><span class='ocrx_word' id='word_1_45' title='bbox 113 807 220 861; x_wconf 90' lang='lat' dir='ltr'><strong>illorum</strong></span> <span class='ocrx_word' id='word_1_46' title='bbox 235 825 266 861; x_wconf 89' lang='lat' dir='ltr'><strong>ac</strong></span> <span class='ocrx_word' id='word_1_47' title='bbox 282 810 361 863; x_wconf 87' lang='lat' dir='ltr'><strong>series</strong></span> <span class='ocrx_word' id='word_1_48' title='bbox 377 809 518 880; x_wconf 88' lang='lat' dir='ltr'><strong>plurimam</strong></span> <span class='ocrx_word' id='word_1_49' title='bbox 530 809 564 862; x_wconf 89' lang='lat' dir='ltr'><strong>ah</strong></span> <span class='ocrx_word' id='word_1_50' title='bbox 574 808 702 864; x_wconf 73' lang='lat' dir='ltr'><strong>Hesiodea</strong></span> <span class='ocrx_word' id='word_1_51' title='bbox 713 807 759 860; x_wconf 89' lang='lat' dir='ltr'><strong>illo</strong></span> <span class='ocrx_word' id='word_1_52' title='bbox 770 807 890 878; x_wconf 77' lang='lat' dir='ltr'><strong>mtalogo</strong></span> <span class='ocrx_word' id='word_1_53' title='bbox 906 807 1061 877; x_wconf 66' lang='lat' dir='ltr'><strong>deorepaut.</strong></span> <span class='ocrx_word' id='word_1_54' title='bbox 1092 804 1148 860; x_wconf 79' lang='lat' dir='ltr'><strong>Sed</strong></span> <span class='ocrx_word' id='word_1_55' title='bbox 1162 805 1191 858; x_wconf 89' lang='lat' dir='ltr'><strong>in</strong></span> <span class='ocrx_word' id='word_1_56' title='bbox 1201 805 1279 874; x_wconf 83' lang='lat' dir='ltr'><strong>augis</strong></span> 
     </span>
     <span class='ocr_line' id='line_1_7' title="bbox 115 893 461 964; baseline 0.014 -20"><span class='ocrx_word' id='word_1_57' title='bbox 115 893 273 964; x_wconf 76' lang='grc' dir='ltr'><strong>μικρολογιῖν</strong></span> <span class='ocrx_word' id='word_1_58' title='bbox 284 896 403 964; x_wconf 89' lang='lat' dir='ltr'><strong>putidum</strong></span> <span class='ocrx_word' id='word_1_59' title='bbox 414 901 461 948; x_wconf 88' lang='lat' dir='ltr'><strong>est.</strong></span> 
     </span>
    </p>

    <p class='ocr_par' dir='ltr' id='par_1_4' title="bbox 114 976 1281 1309">
     <span class='ocr_line' id='line_1_8' title="bbox 182 976 1279 1051; baseline -0.004 -18"><span class='ocrx_word' id='word_1_60' title='bbox 182 979 214 1033; x_wconf 77' lang='lat' dir='ltr'><strong>ll.</strong></span> <span class='ocrx_word' id='word_1_61' title='bbox 227 997 262 1034; x_wconf 81' lang='lat' dir='ltr'><strong>rr.</strong></span> <span class='ocrx_word' id='word_1_62' title='bbox 282 980 320 1032; x_wconf 78' lang='lat' dir='ltr'><strong>Tic</strong></span> <span class='ocrx_word' id='word_1_63' title='bbox 331 979 358 1034; x_wconf 77' lang='lat' dir='ltr'><strong>hl</strong></span> <span class='ocrx_word' id='word_1_64' title='bbox 369 979 437 1051; x_wconf 78' lang='lat' dir='ltr'><strong>caph</strong></span> <span class='ocrx_word' id='word_1_65' title='bbox 448 979 594 1051; x_wconf 64' lang='lat' dir='ltr'><strong>opstipum]</strong></span> <span class='ocrx_word' id='word_1_66' title='bbox 618 979 736 1033; x_wconf 86' lang='lat' dir='ltr'><strong>Obscura</strong></span> <span class='ocrx_word' id='word_1_67' title='bbox 750 983 777 1032; x_wconf 88' lang='lat' dir='ltr'><strong>et</strong></span> <span class='ocrx_word' id='word_1_68' title='bbox 790 979 911 1036; x_wconf 84' lang='lat' dir='ltr'><strong>intricata</strong></span> <span class='ocrx_word' id='word_1_69' title='bbox 922 979 1052 1033; x_wconf 85' lang='lat' dir='ltr'><strong>Valentini</strong></span> <span class='ocrx_word' id='word_1_70' title='bbox 1063 977 1128 1032; x_wconf 91' lang='lat' dir='ltr'><strong>haeo</strong></span> <span class='ocrx_word' id='word_1_71' title='bbox 1138 983 1178 1031; x_wconf 90' lang='lat' dir='ltr'><strong>est</strong></span> <span class='ocrx_word' id='word_1_72' title='bbox 1190 976 1279 1030; x_wconf 85' lang='lat' dir='ltr'><strong>oratio.</strong></span> 
     </span>
     <span class='ocr_line' id='line_1_9' title="bbox 114 1061 1281 1138; baseline -0.002 -20"><span class='ocrx_word' id='word_1_73' title='bbox 114 1063 205 1118; x_wconf 81' lang='lat' dir='ltr'><strong>Priora</strong></span> <span class='ocrx_word' id='word_1_74' title='bbox 215 1067 321 1137; x_wconf 88' lang='lat' dir='ltr'><strong>quidem</strong></span> <span class='ocrx_word' id='word_1_75' title='bbox 332 1067 378 1120; x_wconf 91' lang='lat' dir='ltr'><strong>illa</strong></span> <span class='ocrx_word' id='word_1_76' title='bbox 388 1067 564 1138; x_wconf 80' lang='lat' dir='ltr'><strong>inscriptionis</strong></span> <span class='ocrx_word' id='word_1_77' title='bbox 574 1065 715 1120; x_wconf 80' lang='lat' dir='ltr'><strong>termulan</strong></span> <span class='ocrx_word' id='word_1_78' title='bbox 725 1065 882 1134; x_wconf 78' lang='lat' dir='ltr'><strong>praetonat.</strong></span> <span class='ocrx_word' id='word_1_79' title='bbox 905 1064 1041 1118; x_wconf 84' lang='lat' dir='ltr'><strong>anterum</strong></span> <span class='ocrx_word' id='word_1_80' title='bbox 1051 1063 1101 1118; x_wconf 90' lang='lat' dir='ltr'><strong>hoo</strong></span> <span class='ocrx_word' id='word_1_81' title='bbox 1111 1064 1199 1134; x_wconf 82' lang='lat' dir='ltr'><strong>ipsam</strong></span> <span class='ocrx_word' id='word_1_82' title='bbox 1210 1061 1281 1132; x_wconf 84' lang='lat' dir='ltr'><strong>lrag·</strong></span> 
     </span>
     <span class='ocr_line' id='line_1_10' title="bbox 114 1149 1280 1222; baseline -0.002 -18"><span class='ocrx_word' id='word_1_83' title='bbox 114 1156 234 1205; x_wconf 85' lang='lat' dir='ltr'><strong>mentum</strong></span> <span class='ocrx_word' id='word_1_84' title='bbox 249 1167 334 1222; x_wconf 87' lang='lat' dir='ltr'><strong>neque</strong></span> <span class='ocrx_word' id='word_1_85' title='bbox 350 1153 516 1206; x_wconf 74' lang='lat' dir='ltr'><strong>avaientiuo&#39;</strong></span> <span class='ocrx_word' id='word_1_86' title='bbox 529 1151 668 1222; x_wconf 86' lang='lat' dir='ltr'><strong>scriptum,</strong></span> <span class='ocrx_word' id='word_1_87' title='bbox 683 1167 768 1221; x_wconf 86' lang='lat' dir='ltr'><strong>neque</strong></span> <span class='ocrx_word' id='word_1_88' title='bbox 779 1167 874 1221; x_wconf 89' lang='lat' dir='ltr'><strong>purum</strong></span> <span class='ocrx_word' id='word_1_89' title='bbox 885 1161 916 1204; x_wconf 84' lang='lat' dir='ltr'><strong>ac</strong></span> <span class='ocrx_word' id='word_1_90' title='bbox 927 1151 1098 1222; x_wconf 84' lang='lat' dir='ltr'><strong>putumillius</strong></span> <span class='ocrx_word' id='word_1_91' title='bbox 1106 1149 1202 1220; x_wconf 86' lang='lat' dir='ltr'><strong>dogma</strong></span> <span class='ocrx_word' id='word_1_92' title='bbox 1209 1165 1280 1202; x_wconf 87' lang='lat' dir='ltr'><strong>com·</strong></span> 
     </span>
     <span class='ocr_line' id='line_1_11' title="bbox 114 1236 1131 1309; baseline -0.002 -19"><span class='ocrx_word' id='word_1_93' title='bbox 114 1237 248 1306; x_wconf 75' lang='lat' dir='ltr'>plectitur,</span> <span class='ocrx_word' id='word_1_94' title='bbox 266 1239 312 1290; x_wconf 88' lang='lat' dir='ltr'><strong>sed</strong></span> <span class='ocrx_word' id='word_1_95' title='bbox 324 1240 357 1292; x_wconf 89' lang='lat' dir='ltr'><strong>ab</strong></span> <span class='ocrx_word' id='word_1_96' title='bbox 369 1239 425 1292; x_wconf 90' lang='lat' dir='ltr'><strong>eius</strong></span> <span class='ocrx_word' id='word_1_97' title='bbox 437 1239 569 1309; x_wconf 70' lang='lat' dir='ltr'><strong>discipulis</strong></span> <span class='ocrx_word' id='word_1_98' title='bbox 581 1237 780 1308; x_wconf 87' lang='lat' dir='ltr'><strong>interpolatum,</strong></span> <span class='ocrx_word' id='word_1_99' title='bbox 792 1247 821 1291; x_wconf 94' lang='grc' dir='ltr'><strong>ιι</strong></span> <span class='ocrx_word' id='word_1_100' title='bbox 832 1253 866 1290; x_wconf 82' lang='lat' dir='ltr'><strong>ex</strong></span> <span class='ocrx_word' id='word_1_101' title='bbox 878 1237 983 1290; x_wconf 87' lang='lat' dir='ltr'><strong>Tertull.</strong></span> <span class='ocrx_word' id='word_1_102' title='bbox 994 1236 1131 1306; x_wconf 79' lang='lat' dir='ltr'><strong>colligitur.</strong></span> 
     </span>
    </p>

    <p class='ocr_par' dir='ltr' id='par_1_5' title="bbox 181 1317 1402 1394">
     <span class='ocr_line' id='line_1_12' title="bbox 181 1317 1402 1394; baseline -0.002 -20"><span class='ocrx_word' id='word_1_103' title='bbox 181 1321 246 1374; x_wconf 72' lang='lat' dir='ltr'><strong>Orias</strong></span> <span class='ocrx_word' id='word_1_104' title='bbox 258 1322 305 1393; x_wconf 75' lang='grc' dir='ltr'><strong>γὰρ</strong></span> <span class='ocrx_word' id='word_1_105' title='bbox 317 1321 394 1394; x_wconf 80' lang='grc' dir='ltr'><strong>ἀρχῆς</strong></span> <span class='ocrx_word' id='word_1_106' title='bbox 407 1321 420 1374; x_wconf 81' lang='grc' dir='ltr'><strong><em>ὃ</em></strong></span> <span class='ocrx_word' id='word_1_107' title='bbox 432 1321 607 1394; x_wconf 60' lang='lat' dir='ltr'><strong>Admodum]</strong></span> <span class='ocrx_word' id='word_1_108' title='bbox 628 1323 780 1393; x_wconf 82' lang='lat' dir='ltr'><strong>Lugendum</strong></span> <span class='ocrx_word' id='word_1_109' title='bbox 791 1325 912 1376; x_wconf 73' lang='lat' dir='ltr'><strong>arbitrare</strong></span> <span class='ocrx_word' id='word_1_110' title='bbox 931 1319 971 1373; x_wconf 76' lang='grc' dir='ltr'><strong>ιιι</strong></span> <span class='ocrx_word' id='word_1_111' title='bbox 982 1320 1029 1392; x_wconf 72' lang='grc' dir='ltr'><strong>γὰρ</strong></span> <span class='ocrx_word' id='word_1_112' title='bbox 1041 1319 1066 1381; x_wconf 63' lang='lat' dir='ltr'><strong>l}</strong></span> <span class='ocrx_word' id='word_1_113' title='bbox 1078 1317 1163 1391; x_wconf 73' lang='grc' dir='ltr'><strong>ἀρχῆς.</strong></span> <span class='ocrx_word' id='word_1_114' title='bbox 1398 1381 1402 1394; x_wconf 35' lang='lat'><strong><em>¹</em></strong></span> 
     </span>
    </p>

    <p class='ocr_par' dir='ltr' id='par_1_6' title="bbox 114 1405 1282 1820">
     <span class='ocr_line' id='line_1_13' title="bbox 183 1405 1282 1479; baseline 0 -19"><span class='ocrx_word' id='word_1_115' title='bbox 183 1407 253 1460; x_wconf 77' lang='grc' dir='ltr'><strong>Μετὰ</strong></span> <span class='ocrx_word' id='word_1_116' title='bbox 263 1414 338 1461; x_wconf 80' lang='grc' dir='ltr'><strong>τοῦτο</strong></span> <span class='ocrx_word' id='word_1_117' title='bbox 350 1409 376 1460; x_wconf 79' lang='lat' dir='ltr'><strong>dl</strong></span> <span class='ocrx_word' id='word_1_118' title='bbox 387 1407 403 1474; x_wconf 79' lang='grc' dir='ltr'>ἡ</span> <span class='ocrx_word' id='word_1_119' title='bbox 413 1409 495 1479; x_wconf 71' lang='grc' dir='ltr'><strong>Σιγι]</strong></span> <span class='ocrx_word' id='word_1_120' title='bbox 516 1408 648 1474; x_wconf 84' lang='lat' dir='ltr'><strong>Quantum</strong></span> <span class='ocrx_word' id='word_1_121' title='bbox 659 1410 687 1462; x_wconf 89' lang='lat' dir='ltr'><strong>in</strong></span> <span class='ocrx_word' id='word_1_122' title='bbox 699 1409 868 1462; x_wconf 68' lang='lat' dir='ltr'><strong>tenebricosis</strong></span> <span class='ocrx_word' id='word_1_123' title='bbox 880 1407 1070 1477; x_wconf 84' lang='lat' dir='ltr'><strong>implicatiaqus</strong></span> <span class='ocrx_word' id='word_1_124' title='bbox 1080 1405 1177 1460; x_wconf 76' lang='lat' dir='ltr'><strong>tabulis</strong></span> <span class='ocrx_word' id='word_1_125' title='bbox 1189 1406 1282 1476; x_wconf 87' lang='lat' dir='ltr'><strong>dispici</strong></span> 
     </span>
     <span class='ocr_line' id='line_1_14' title="bbox 114 1491 1280 1565; baseline 0.001 -20"><span class='ocrx_word' id='word_1_126' title='bbox 114 1499 216 1562; x_wconf 89' lang='lat' dir='ltr'><strong>potest,</strong></span> <span class='ocrx_word' id='word_1_127' title='bbox 228 1493 277 1547; x_wconf 90' lang='lat' dir='ltr'><strong>hoc</strong></span> <span class='ocrx_word' id='word_1_128' title='bbox 288 1495 376 1565; x_wconf 89' lang='lat' dir='ltr'><strong>ipsum</strong></span> <span class='ocrx_word' id='word_1_129' title='bbox 387 1494 534 1564; x_wconf 82' lang='lat' dir='ltr'><strong>significare</strong></span> <span class='ocrx_word' id='word_1_130' title='bbox 546 1495 659 1548; x_wconf 75' lang='lat' dir='ltr'><strong>videtur:</strong></span> <span class='ocrx_word' id='word_1_131' title='bbox 682 1495 763 1564; x_wconf 86' lang='lat' dir='ltr'><strong>Sigen</strong></span> <span class='ocrx_word' id='word_1_132' title='bbox 774 1511 789 1546; x_wconf 90' lang='lat' dir='ltr'><strong>e</strong></span> <span class='ocrx_word' id='word_1_133' title='bbox 802 1491 887 1562; x_wconf 77' lang='lat' dir='ltr'><strong>Bytho</strong></span> <span class='ocrx_word' id='word_1_134' title='bbox 901 1493 1004 1546; x_wconf 86' lang='lat' dir='ltr'><strong>Patrem</strong></span> <span class='ocrx_word' id='word_1_135' title='bbox 1015 1493 1138 1562; x_wconf 80' lang='lat' dir='ltr'><strong>genuisse</strong></span> <span class='ocrx_word' id='word_1_136' title='bbox 1149 1492 1280 1556; x_wconf 85' lang='lat' dir='ltr'><strong>Veritatis,</strong></span> 
     </span>
     <span class='ocr_line' id='line_1_15' title="bbox 114 1575 1280 1650; baseline -0.003 -18"><span class='ocrx_word' id='word_1_137' title='bbox 114 1583 171 1632; x_wconf 81' lang='lat' dir='ltr'><strong>aaa</strong></span> <span class='ocrx_word' id='word_1_138' title='bbox 186 1595 248 1632; x_wconf 81' lang='lat' dir='ltr'><strong>vero</strong></span> <span class='ocrx_word' id='word_1_139' title='bbox 264 1595 325 1634; x_wconf 86' lang='lat' dir='ltr'><strong>cum</strong></span> <span class='ocrx_word' id='word_1_140' title='bbox 341 1579 432 1634; x_wconf 90' lang='lat' dir='ltr'><strong>eodem</strong></span> <span class='ocrx_word' id='word_1_141' title='bbox 450 1581 494 1634; x_wconf 92' lang='lat' dir='ltr'><strong>illo</strong></span> <span class='ocrx_word' id='word_1_142' title='bbox 512 1595 590 1650; x_wconf 66' lang='grc' dir='ltr'><strong>ιιιοιι</strong></span> <span class='ocrx_word' id='word_1_143' title='bbox 606 1585 734 1650; x_wconf 87' lang='lat' dir='ltr'><strong>genuerat</strong></span> <span class='ocrx_word' id='word_1_144' title='bbox 748 1579 896 1648; x_wconf 88' lang='lat' dir='ltr'><strong>copulatam</strong></span> <span class='ocrx_word' id='word_1_145' title='bbox 907 1579 1048 1630; x_wconf 70' lang='lat' dir='ltr'><strong>Veritatem</strong></span> <span class='ocrx_word' id='word_1_146' title='bbox 1060 1577 1178 1632; x_wconf 81' lang='lat' dir='ltr'><strong>edidisse.</strong></span> <span class='ocrx_word' id='word_1_147' title='bbox 1204 1575 1280 1640; x_wconf 85' lang='lat' dir='ltr'><strong>Quod</strong></span> 
     </span>
     <span class='ocr_line' id='line_1_16' title="bbox 115 1663 1280 1772; baseline -0.001 -55"><span class='ocrx_word' id='word_1_148' title='bbox 115 1665 190 1717; x_wconf 85' lang='lat' dir='ltr'><strong>aliter</strong></span> <span class='ocrx_word' id='word_1_149' title='bbox 201 1665 270 1736; x_wconf 90' lang='lat' dir='ltr'><strong>apud</strong></span> <span class='ocrx_word' id='word_1_150' title='bbox 282 1667 348 1720; x_wconf 91' lang='lat' dir='ltr'><strong>Iron.</strong></span> <span class='ocrx_word' id='word_1_151' title='bbox 362 1673 388 1719; x_wconf 91' lang='lat' dir='ltr'><strong>et</strong></span> <span class='ocrx_word' id='word_1_152' title='bbox 399 1667 505 1719; x_wconf 88' lang='lat' dir='ltr'><strong>Tcrtnll.</strong></span> <span class='ocrx_word' id='word_1_153' title='bbox 516 1666 620 1734; x_wconf 84' lang='lat' dir='ltr'><strong>legitur.</strong></span> <span class='ocrx_word' id='word_1_154' title='bbox 649 1665 717 1718; x_wconf 83' lang='lat' dir='ltr'><strong>Nam</strong></span> <span class='ocrx_word' id='word_1_155' title='bbox 734 1679 768 1717; x_wconf 90' lang='lat' dir='ltr'><strong>ex</strong></span> <span class='ocrx_word' id='word_1_156' title='bbox 780 1663 866 1733; x_wconf 78' lang='lat' dir='ltr'><strong>Bytho</strong></span> <span class='ocrx_word' id='word_1_157' title='bbox 882 1669 909 1716; x_wconf 84' lang='lat' dir='ltr'><strong>et</strong></span> <span class='ocrx_word' id='word_1_158' title='bbox 919 1663 983 1733; x_wconf 80' lang='lat' dir='ltr'><strong>Siga</strong></span> <span class='ocrx_word' id='word_1_159' title='bbox 995 1663 1086 1716; x_wconf 87' lang='lat' dir='ltr'><strong>ambos</strong></span> <span class='ocrx_word' id='word_1_160' title='bbox 1098 1663 1157 1718; x_wconf 90' lang='lat' dir='ltr'><strong>illos</strong></span> <span class='ocrx_word' id='word_1_161' title='bbox 1168 1663 1280 1772; x_wconf 79' lang='lat' dir='ltr'><strong>Aeonas,</strong></span> 
     </span>
     <span class='ocr_line' id='line_1_17' title="bbox 116 1749 844 1820; baseline 0.003 -18"><span class='ocrx_word' id='word_1_162' title='bbox 116 1749 251 1804; x_wconf 83' lang='lat' dir='ltr'><strong>Patrsm&#39;</strong></span> <span class='ocrx_word' id='word_1_163' title='bbox 229 1764 285 1804; x_wconf 82' lang='lat' dir='ltr'><strong>esve</strong></span> <span class='ocrx_word' id='word_1_164' title='bbox 296 1751 369 1816; x_wconf 85' lang='lat' dir='ltr'><strong>Nun,</strong></span> <span class='ocrx_word' id='word_1_165' title='bbox 381 1756 407 1804; x_wconf 82' lang='lat' dir='ltr'><strong>at</strong></span> <span class='ocrx_word' id='word_1_166' title='bbox 417 1752 558 1805; x_wconf 86' lang='lat' dir='ltr'><strong>Veritatem</strong></span> <span class='ocrx_word' id='word_1_167' title='bbox 570 1757 704 1820; x_wconf 78' lang='lat' dir='ltr'><strong>smosptoa</strong></span> <span class='ocrx_word' id='word_1_168' title='bbox 716 1757 844 1804; x_wconf 73' lang='lat' dir='ltr'><strong>meorum</strong></span> 
     </span>
    </p>

    <p class='ocr_par' dir='ltr' id='par_1_7' title="bbox 119 1833 1283 2078">
     <span class='ocr_line' id='line_1_18' title="bbox 183 1833 1281 1907; baseline -0.001 -19.992"><span class='ocrx_word' id='word_1_169' title='bbox 183 1833 214 1887; x_wconf 86' lang='lat' dir='ltr'><strong>&#39;ll</strong></span> <span class='ocrx_word' id='word_1_170' title='bbox 227 1833 349 1907; x_wconf 75' lang='grc' dir='ltr'><strong>ἄφθαρτος</strong></span> <span class='ocrx_word' id='word_1_171' title='bbox 360 1834 452 1888; x_wconf 77' lang='lat' dir='ltr'><strong>alonia.</strong></span> <span class='ocrx_word' id='word_1_172' title='bbox 454 1839 465 1904; x_wconf 93' lang='lat'>]</span> <span class='ocrx_word' id='word_1_173' title='bbox 482 1835 546 1906; x_wconf 84' lang='lat' dir='ltr'><strong>Lag</strong></span> <span class='ocrx_word' id='word_1_174' title='bbox 556 1833 616 1887; x_wconf 85' lang='grc' dir='ltr'><strong>ιιὼν</strong></span> <span class='ocrx_word' id='word_1_175' title='bbox 625 1851 672 1906; x_wconf 89' lang='lat' dir='ltr'><strong>pro</strong></span> <span class='ocrx_word' id='word_1_176' title='bbox 682 1833 775 1889; x_wconf 66' lang='lat' dir='ltr'><strong>cinon</strong></span> <span class='ocrx_word' id='word_1_177' title='bbox 792 1835 860 1890; x_wconf 84' lang='lat' dir='ltr'><strong>llam</strong></span> <span class='ocrx_word' id='word_1_178' title='bbox 869 1839 896 1890; x_wconf 89' lang='lat' dir='ltr'><strong>et</strong></span> <span class='ocrx_word' id='word_1_179' title='bbox 903 1835 1014 1890; x_wconf 79' lang='lat' dir='ltr'><strong>lenires</strong></span> <span class='ocrx_word' id='word_1_180' title='bbox 1022 1834 1281 1888; x_wconf 80' lang='lat' dir='ltr'><strong>Asonsavalentinua</strong></span> 
     </span>
     <span class='ocr_line' id='line_1_19' title="bbox 124 1921 1283 1993; baseline 0.001 -19"><span class='ocrx_word' id='word_1_181' title='bbox 124 1922 285 1976; x_wconf 86' lang='lat' dir='ltr'><strong>nominabat.</strong></span> <span class='ocrx_word' id='word_1_182' title='bbox 308 1923 413 1976; x_wconf 84' lang='lat' dir='ltr'><strong>Tertull.</strong></span> <span class='ocrx_word' id='word_1_183' title='bbox 426 1929 517 1977; x_wconf 87' lang='lat' dir='ltr'><strong>contra</strong></span> <span class='ocrx_word' id='word_1_184' title='bbox 528 1923 629 1976; x_wconf 79' lang='lat' dir='ltr'><strong>latent.</strong></span> <span class='ocrx_word' id='word_1_185' title='bbox 642 1937 698 1993; x_wconf 92' lang='lat' dir='ltr'><strong>cap.</strong></span> <span class='ocrx_word' id='word_1_186' title='bbox 710 1939 753 1978; x_wconf 81' lang='grc' dir='ltr'><strong>ιι·</strong></span> <span class='ocrx_word' id='word_1_187' title='bbox 770 1922 917 1976; x_wconf 69' lang='lat' dir='ltr'><strong>natam</strong></span> <span class='ocrx_word' id='word_1_188' title='bbox 928 1930 990 1974; x_wconf 80' lang='lat' dir='ltr'><strong>noto</strong></span> <span class='ocrx_word' id='word_1_189' title='bbox 1000 1923 1087 1974; x_wconf 79' lang='lat' dir='ltr'><strong>Aeon.-</strong></span> <span class='ocrx_word' id='word_1_190' title='bbox 1102 1921 1283 1975; x_wconf 77' lang='lat' dir='ltr'><strong>oe&#39;derr&#39;teoloc·</strong></span> 
     </span>
     <span class='ocr_line' id='line_1_20' title="bbox 119 2007 560 2078; baseline 0.007 -19"><span class='ocrx_word' id='word_1_191' title='bbox 119 2011 210 2060; x_wconf 73' lang='grc' dir='ltr'><strong>ιιίιιιι</strong></span> <span class='ocrx_word' id='word_1_192' title='bbox 213 2007 329 2078; x_wconf 74' lang='lat' dir='ltr'><strong>,Sophia</strong></span> <span class='ocrx_word' id='word_1_193' title='bbox 341 2013 406 2060; x_wconf 77' lang='lat' dir='ltr'><strong>etaim</strong></span> <span class='ocrx_word' id='word_1_194' title='bbox 418 2027 503 2062; x_wconf 82' lang='lat' dir='ltr'><strong>nomen</strong></span> <span class='ocrx_word' id='word_1_195' title='bbox 516 2019 560 2064; x_wconf 82' lang='lat' dir='ltr'><strong>sat.</strong></span> 
     </span>
    </p>

    <p class='ocr_par' dir='ltr' id='par_1_8' title="bbox 118 2077 1286 2594">
     <span class='ocr_line' id='line_1_21' title="bbox 183 2077 1281 2194; baseline 0.004 -50"><span class='ocrx_word' id='word_1_196' title='bbox 183 2093 295 2163; x_wconf 73' lang='grc' dir='ltr'><strong>Μητριιιὴ</strong></span> <span class='ocrx_word' id='word_1_197' title='bbox 296 2111 309 2144; x_wconf 95' lang='grc' dir='ltr'>ν</span> <span class='ocrx_word' id='word_1_198' title='bbox 321 2094 516 2194; x_wconf 72' lang='grc' dir='ltr'>προενεγκαμένη</span> <span class='ocrx_word' id='word_1_199' title='bbox 528 2092 693 2165; x_wconf 80' lang='grc' dir='ltr'><strong>Προινιιιαν.]</strong></span> <span class='ocrx_word' id='word_1_200' title='bbox 719 2093 796 2148; x_wconf 81' lang='lat' dir='ltr'><strong>Forte</strong></span> <span class='ocrx_word' id='word_1_201' title='bbox 808 2091 953 2163; x_wconf 81' lang='grc' dir='ltr'><strong>Προινιιιαν</strong></span> <span class='ocrx_word' id='word_1_202' title='bbox 964 2109 1011 2163; x_wconf 93' lang='lat' dir='ltr'><strong>pro</strong></span> <span class='ocrx_word' id='word_1_203' title='bbox 1021 2077 1137 2146; x_wconf 87' lang='lat' dir='ltr'><strong>lihidinis</strong></span> <span class='ocrx_word' id='word_1_204' title='bbox 1152 2093 1281 2148; x_wconf 73' lang='lat' dir='ltr'><strong>illecebris</strong></span> 
     </span>
     <span class='ocr_line' id='line_1_22' title="bbox 118 2176 1286 2282; baseline 0.002 -50"><span class='ocrx_word' id='word_1_205' title='bbox 118 2179 242 2250; x_wconf 88' lang='lat' dir='ltr'><strong>sumpsit,</strong></span> <span class='ocrx_word' id='word_1_206' title='bbox 259 2187 290 2232; x_wconf 86' lang='lat' dir='ltr'><strong>ut</strong></span> <span class='ocrx_word' id='word_1_207' title='bbox 307 2176 436 2250; x_wconf 74' lang='grc' dir='ltr'><strong>μητρυιὴ</strong></span> <span class='ocrx_word' id='word_1_208' title='bbox 424 2179 473 2231; x_wconf 82' lang='lat' dir='ltr'><strong>ani&gt;</strong></span> <span class='ocrx_word' id='word_1_209' title='bbox 486 2183 528 2246; x_wconf 83' lang='grc' dir='ltr'><strong>ιῆς</strong></span> <span class='ocrx_word' id='word_1_210' title='bbox 540 2180 634 2282; x_wconf 63' lang='lat' dir='ltr'><strong>priapos</strong></span> <span class='ocrx_word' id='word_1_211' title='bbox 646 2179 786 2234; x_wconf 89' lang='lat' dir='ltr'><strong>deductum</strong></span> <span class='ocrx_word' id='word_1_212' title='bbox 801 2180 843 2232; x_wconf 77' lang='lat' dir='ltr'><strong>sit</strong></span> <span class='ocrx_word' id='word_1_213' title='bbox 870 2177 1151 2249; x_wconf 78' lang='lat' dir='ltr'><strong>Origenesiuilelsum</strong></span> <span class='ocrx_word' id='word_1_214' title='bbox 1166 2185 1230 2234; x_wconf 82' lang='lat' dir='ltr'><strong>tum.</strong></span> <span class='ocrx_word' id='word_1_215' title='bbox 1240 2179 1286 2234; x_wconf 78' lang='grc' dir='ltr'><strong>ιιι</strong></span> 
     </span>
     <span class='ocr_line' id='line_1_23' title="bbox 120 2261 1282 2336; baseline 0.002 -20"><span class='ocrx_word' id='word_1_216' title='bbox 120 2263 255 2334; x_wconf 76' lang='grc' dir='ltr'><strong>Προινιιιὴν</strong></span> <span class='ocrx_word' id='word_1_217' title='bbox 267 2265 297 2317; x_wconf 80' lang='lat' dir='ltr'><strong>dd</strong></span> <span class='ocrx_word' id='word_1_218' title='bbox 306 2281 358 2318; x_wconf 83' lang='grc' dir='ltr'><strong>τινα</strong></span> <span class='ocrx_word' id='word_1_219' title='bbox 370 2265 458 2336; x_wconf 78' lang='lat' dir='ltr'><strong>coplae</strong></span> <span class='ocrx_word' id='word_1_220' title='bbox 470 2263 517 2317; x_wconf 90' lang='lat' dir='ltr'><strong>ol&#39;</strong></span> <span class='ocrx_word' id='word_1_221' title='bbox 505 2266 554 2318; x_wconf 77' lang='lat' dir='ltr'><strong>on&#39;o</strong></span> <span class='ocrx_word' id='word_1_222' title='bbox 566 2265 729 2320; x_wconf 74' lang='grc' dir='ltr'><strong>Οὐαλεντίνου</strong></span> <span class='ocrx_word' id='word_1_223' title='bbox 741 2261 889 2336; x_wconf 68' lang='grc' dir='ltr'><strong>ὀνομάζουσι</strong></span> <span class='ocrx_word' id='word_1_224' title='bbox 901 2261 964 2317; x_wconf 85' lang='grc' dir='ltr'><strong>ιιιιιιι</strong></span> <span class='ocrx_word' id='word_1_225' title='bbox 977 2283 1019 2332; x_wconf 72' lang='lat' dir='ltr'><strong>ena</strong></span> <span class='ocrx_word' id='word_1_226' title='bbox 1031 2264 1216 2336; x_wconf 76' lang='grc' dir='ltr'><strong>πεπλανημένην</strong></span> <span class='ocrx_word' id='word_1_227' title='bbox 1226 2263 1282 2318; x_wconf 79' lang='lat' dir='ltr'><strong>loo·</strong></span> 
     </span>
     <span class='ocr_line' id='line_1_24' title="bbox 119 2345 1283 2422; baseline 0.005 -22"><span class='ocrx_word' id='word_1_228' title='bbox 119 2353 167 2402; x_wconf 84' lang='grc' dir='ltr'><strong>ιῶν</strong></span> <span class='ocrx_word' id='word_1_229' title='bbox 179 2349 276 2419; x_wconf 80' lang='lat' dir='ltr'><strong>coplas·</strong></span> <span class='ocrx_word' id='word_1_230' title='bbox 288 2345 317 2417; x_wconf 75' lang='grc' dir='ltr'><strong>ις</strong></span> <span class='ocrx_word' id='word_1_231' title='bbox 331 2351 457 2421; x_wconf 79' lang='grc' dir='ltr'><strong>σύμβολον</strong></span> <span class='ocrx_word' id='word_1_232' title='bbox 470 2347 528 2404; x_wconf 78' lang='grc' dir='ltr'><strong>εἶναι</strong></span> <span class='ocrx_word' id='word_1_233' title='bbox 541 2351 671 2421; x_wconf 77' lang='grc' dir='ltr'><strong>βούλονται</strong></span> <span class='ocrx_word' id='word_1_234' title='bbox 683 2351 723 2404; x_wconf 77' lang='lat' dir='ltr'><strong>aul</strong></span> <span class='ocrx_word' id='word_1_235' title='bbox 736 2351 832 2404; x_wconf 80' lang='grc' dir='ltr'><strong>ιιιιειιιι</strong></span> <span class='ocrx_word' id='word_1_236' title='bbox 844 2347 918 2404; x_wconf 76' lang='grc' dir='ltr'><strong>ἔτεσιν</strong></span> <span class='ocrx_word' id='word_1_237' title='bbox 930 2349 1119 2422; x_wconf 76' lang='grc' dir='ltr'><strong>αιμοῤῥοιῦοον.</strong></span> <span class='ocrx_word' id='word_1_238' title='bbox 1139 2349 1191 2406; x_wconf 77' lang='lat' dir='ltr'><strong>sad</strong></span> <span class='ocrx_word' id='word_1_239' title='bbox 1200 2367 1283 2406; x_wconf 74' lang='lat' dir='ltr'><strong>anan</strong></span> 
     </span>
     <span class='ocr_line' id='line_1_25' title="bbox 118 2435 1282 2508; baseline 0.003 -20"><span class='ocrx_word' id='word_1_240' title='bbox 118 2435 249 2505; x_wconf 88' lang='lat' dir='ltr'><strong>quandam</strong></span> <span class='ocrx_word' id='word_1_241' title='bbox 265 2453 295 2490; x_wconf 89' lang='lat' dir='ltr'><strong>ac</strong></span> <span class='ocrx_word' id='word_1_242' title='bbox 313 2438 474 2507; x_wconf 78' lang='lat' dir='ltr'><strong>singularem</strong></span> <span class='ocrx_word' id='word_1_243' title='bbox 493 2436 629 2508; x_wconf 84' lang='grc' dir='ltr'><strong>Προῠνιιιον</strong></span> <span class='ocrx_word' id='word_1_244' title='bbox 646 2455 663 2491; x_wconf 93' lang='lat' dir='ltr'><strong>a</strong></span> <span class='ocrx_word' id='word_1_245' title='bbox 680 2437 869 2492; x_wconf 86' lang='lat' dir='ltr'><strong>Valentinianis</strong></span> <span class='ocrx_word' id='word_1_246' title='bbox 886 2437 1043 2508; x_wconf 89' lang='lat' dir='ltr'><strong>appellatam</strong></span> <span class='ocrx_word' id='word_1_247' title='bbox 1059 2453 1113 2492; x_wconf 90' lang='lat' dir='ltr'><strong>non</strong></span> <span class='ocrx_word' id='word_1_248' title='bbox 1129 2444 1205 2508; x_wconf 89' lang='lat' dir='ltr'><strong>puto,</strong></span> <span class='ocrx_word' id='word_1_249' title='bbox 1223 2454 1282 2492; x_wconf 87' lang='lat' dir='ltr'><strong>cum</strong></span> 
     </span>
     <span class='ocr_line' id='line_1_26' title="bbox 118 2519 1000 2594; baseline 0.007 -22"><span class='ocrx_word' id='word_1_250' title='bbox 118 2519 266 2590; x_wconf 77' lang='grc' dir='ltr'><strong>Προῦνίκους</strong></span> <span class='ocrx_word' id='word_1_251' title='bbox 277 2523 381 2576; x_wconf 79' lang='lat' dir='ltr'><strong>Aeones</strong></span> <span class='ocrx_word' id='word_1_252' title='bbox 394 2539 484 2576; x_wconf 88' lang='lat' dir='ltr'><strong>omnes</strong></span> <span class='ocrx_word' id='word_1_253' title='bbox 496 2525 697 2594; x_wconf 75' lang='lat' dir='ltr'><strong>nuncupaverit,</strong></span> <span class='ocrx_word' id='word_1_254' title='bbox 708 2523 759 2578; x_wconf 88' lang='lat' dir='ltr'><strong>hoc</strong></span> <span class='ocrx_word' id='word_1_255' title='bbox 771 2523 875 2592; x_wconf 89' lang='lat' dir='ltr'><strong>quidem</strong></span> <span class='ocrx_word' id='word_1_256' title='bbox 886 2523 913 2576; x_wconf 89' lang='lat' dir='ltr'><strong>iu</strong></span> <span class='ocrx_word' id='word_1_257' title='bbox 925 2524 1000 2578; x_wconf 90' lang='lat' dir='ltr'><strong>lihro.</strong></span> 
     </span>
    </p>

    <p class='ocr_par' dir='ltr' id='par_1_9' title="bbox 118 2604 1281 2766">
     <span class='ocr_line' id='line_1_27' title="bbox 183 2604 1281 2680; baseline 0.001 -19"><span class='ocrx_word' id='word_1_258' title='bbox 183 2605 215 2661; x_wconf 83' lang='lat' dir='ltr'><strong>N.</strong></span> <span class='ocrx_word' id='word_1_259' title='bbox 227 2625 262 2662; x_wconf 81' lang='lat' dir='ltr'><strong>rr.</strong></span> <span class='ocrx_word' id='word_1_260' title='bbox 280 2604 351 2669; x_wconf 85' lang='grc' dir='ltr'><strong>Ἥιις</strong></span> <span class='ocrx_word' id='word_1_261' title='bbox 366 2607 445 2676; x_wconf 71' lang='lat' dir='ltr'><strong>hodia</strong></span> <span class='ocrx_word' id='word_1_262' title='bbox 462 2613 513 2670; x_wconf 70' lang='lat' dir='ltr'><strong>coir</strong></span> <span class='ocrx_word' id='word_1_263' title='bbox 531 2609 621 2679; x_wconf 78' lang='lat' dir='ltr'><strong>perol}</strong></span> <span class='ocrx_word' id='word_1_264' title='bbox 642 2607 709 2674; x_wconf 81' lang='lat' dir='ltr'><strong>Quid</strong></span> <span class='ocrx_word' id='word_1_265' title='bbox 726 2607 835 2662; x_wconf 76' lang='lat' dir='ltr'><strong>silton</strong></span> <span class='ocrx_word' id='word_1_266' title='bbox 851 2625 898 2679; x_wconf 93' lang='lat' dir='ltr'><strong>pro</strong></span> <span class='ocrx_word' id='word_1_267' title='bbox 914 2607 979 2678; x_wconf 76' lang='lat' dir='ltr'><strong>perol</strong></span> <span class='ocrx_word' id='word_1_268' title='bbox 995 2609 1133 2680; x_wconf 88' lang='lat' dir='ltr'><strong>legendum</strong></span> <span class='ocrx_word' id='word_1_269' title='bbox 1150 2609 1203 2662; x_wconf 75' lang='lat' dir='ltr'><strong>eit?</strong></span> <span class='ocrx_word' id='word_1_270' title='bbox 1228 2609 1281 2662; x_wconf 88' lang='lat' dir='ltr'><strong>Sed</strong></span> 
     </span>
     <span class='ocr_line' id='line_1_28' title="bbox 118 2695 870 2766; baseline 0.004 -21"><span class='ocrx_word' id='word_1_271' title='bbox 118 2707 183 2762; x_wconf 88' lang='lat' dir='ltr'><strong>quae</strong></span> <span class='ocrx_word' id='word_1_272' title='bbox 195 2699 341 2762; x_wconf 74' lang='lat' dir='ltr'><strong>mquuntur</strong></span> <span class='ocrx_word' id='word_1_273' title='bbox 352 2697 478 2766; x_wconf 87' lang='lat' dir='ltr'><strong>perplexa</strong></span> <span class='ocrx_word' id='word_1_274' title='bbox 489 2703 550 2748; x_wconf 85' lang='lat' dir='ltr'><strong>sunt</strong></span> <span class='ocrx_word' id='word_1_275' title='bbox 561 2695 702 2748; x_wconf 82' lang='lat' dir='ltr'><strong>admodum</strong></span> <span class='ocrx_word' id='word_1_276' title='bbox 713 2701 741 2748; x_wconf 88' lang='lat' dir='ltr'><strong>et</strong></span> <span class='ocrx_word' id='word_1_277' title='bbox 752 2696 870 2748; x_wconf 89' lang='lat' dir='ltr'><strong>obscura.</strong></span> 
     </span>
    </p>

    <p class='ocr_par' dir='ltr' id='par_1_10' title="bbox 115 2777 1373 3278">
     <span class='ocr_line' id='line_1_29' title="bbox 183 2777 1280 2851; baseline 0.003 -20"><span class='ocrx_word' id='word_1_278' title='bbox 183 2777 215 2830; x_wconf 87' lang='lat' dir='ltr'><strong>N.</strong></span> <span class='ocrx_word' id='word_1_279' title='bbox 227 2797 264 2832; x_wconf 87' lang='lat' dir='ltr'><strong>rx.</strong></span> <span class='ocrx_word' id='word_1_280' title='bbox 282 2777 327 2831; x_wconf 83' lang='lat' dir='ltr'><strong>’Ea</strong></span> <span class='ocrx_word' id='word_1_281' title='bbox 335 2783 386 2832; x_wconf 81' lang='grc' dir='ltr'><strong>τῶν</strong></span> <span class='ocrx_word' id='word_1_282' title='bbox 395 2785 440 2832; x_wconf 78' lang='grc' dir='ltr'><strong>τοῦ</strong></span> <span class='ocrx_word' id='word_1_283' title='bbox 449 2779 539 2851; x_wconf 63' lang='grc' dir='ltr'><strong>ἅγιοι]</strong></span> <span class='ocrx_word' id='word_1_284' title='bbox 557 2781 700 2834; x_wconf 84' lang='lat' dir='ltr'><strong>Plurimum</strong></span> <span class='ocrx_word' id='word_1_285' title='bbox 709 2781 750 2832; x_wconf 83' lang='lat' dir='ltr'><strong>vel</strong></span> <span class='ocrx_word' id='word_1_286' title='bbox 762 2779 812 2834; x_wconf 92' lang='lat' dir='ltr'><strong>hoo</strong></span> <span class='ocrx_word' id='word_1_287' title='bbox 823 2797 875 2833; x_wconf 90' lang='lat' dir='ltr'><strong>uno</strong></span> <span class='ocrx_word' id='word_1_288' title='bbox 887 2780 992 2834; x_wconf 91' lang='lat' dir='ltr'><strong>nomine</strong></span> <span class='ocrx_word' id='word_1_289' title='bbox 1003 2778 1035 2832; x_wconf 91' lang='lat' dir='ltr'><strong>de</strong></span> <span class='ocrx_word' id='word_1_290' title='bbox 1047 2780 1119 2833; x_wconf 87' lang='lat' dir='ltr'><strong>omni</strong></span> <span class='ocrx_word' id='word_1_291' title='bbox 1128 2780 1280 2850; x_wconf 70' lang='lat' dir='ltr'><strong>posteritate</strong></span> 
     </span>
     <span class='ocr_line' id='line_1_30' title="bbox 115 2863 1373 2937; baseline 0.003 -19"><span class='ocrx_word' id='word_1_292' title='bbox 115 2863 223 2918; x_wconf 87' lang='lat' dir='ltr'><strong>meritus</strong></span> <span class='ocrx_word' id='word_1_293' title='bbox 233 2871 274 2918; x_wconf 88' lang='lat' dir='ltr'><strong>eet</strong></span> <span class='ocrx_word' id='word_1_294' title='bbox 282 2863 454 2936; x_wconf 69' lang='lat' dir='ltr'><strong>Epiphanius,</strong></span> <span class='ocrx_word' id='word_1_295' title='bbox 467 2866 536 2936; x_wconf 91' lang='lat' dir='ltr'><strong>qood</strong></span> <span class='ocrx_word' id='word_1_296' title='bbox 548 2867 604 2919; x_wconf 88' lang='lat' dir='ltr'><strong>eins</strong></span> <span class='ocrx_word' id='word_1_297' title='bbox 616 2865 701 2920; x_wconf 84' lang='lat' dir='ltr'><strong>studio</strong></span> <span class='ocrx_word' id='word_1_298' title='bbox 714 2865 813 2920; x_wconf 88' lang='lat' dir='ltr'><strong>lectum</strong></span> <span class='ocrx_word' id='word_1_299' title='bbox 826 2870 878 2930; x_wconf 88' lang='lat' dir='ltr'><strong>est,</strong></span> <span class='ocrx_word' id='word_1_300' title='bbox 891 2871 921 2918; x_wconf 85' lang='lat' dir='ltr'><strong>ut</strong></span> <span class='ocrx_word' id='word_1_301' title='bbox 932 2865 1031 2920; x_wconf 87' lang='lat' dir='ltr'><strong>irenaei</strong></span> <span class='ocrx_word' id='word_1_302' title='bbox 1042 2865 1190 2936; x_wconf 72' lang='lat' dir='ltr'><strong>fragmenta</strong></span> <span class='ocrx_word' id='word_1_303' title='bbox 1201 2882 1280 2937; x_wconf 87' lang='lat' dir='ltr'><strong>quae·</strong></span> <span class='ocrx_word' id='word_1_304' title='bbox 1307 2881 1328 2922; x_wconf 81' lang='lat' dir='ltr'><strong>a·</strong></span> <span class='ocrx_word' id='word_1_305' title='bbox 1341 2866 1373 2912; x_wconf 74' lang='grc'><strong>67·</strong></span> 
     </span>
     <span class='ocr_line' id='line_1_31' title="bbox 117 2949 1281 3022; baseline 0.005 -20"><span class='ocrx_word' id='word_1_306' title='bbox 117 2949 176 3003; x_wconf 90' lang='lat' dir='ltr'><strong>dam</strong></span> <span class='ocrx_word' id='word_1_307' title='bbox 194 2967 230 3004; x_wconf 86' lang='lat' dir='ltr'><strong>ex</strong></span> <span class='ocrx_word' id='word_1_308' title='bbox 246 2955 319 3004; x_wconf 89' lang='lat' dir='ltr'><strong>tanto</strong></span> <span class='ocrx_word' id='word_1_309' title='bbox 337 2951 407 3006; x_wconf 83' lang='lat' dir='ltr'><strong>illiue</strong></span> <span class='ocrx_word' id='word_1_310' title='bbox 425 2967 532 3022; x_wconf 88' lang='lat' dir='ltr'><strong>operum</strong></span> <span class='ocrx_word' id='word_1_311' title='bbox 549 2949 687 3020; x_wconf 66' lang='lat' dir='ltr'><strong>naufragio</strong></span> <span class='ocrx_word' id='word_1_312' title='bbox 705 2956 880 3021; x_wconf 81' lang='lat' dir='ltr'><strong>superessent.</strong></span> <span class='ocrx_word' id='word_1_313' title='bbox 906 2951 960 3004; x_wconf 88' lang='lat' dir='ltr'><strong>Nos</strong></span> <span class='ocrx_word' id='word_1_314' title='bbox 977 2967 1009 3004; x_wconf 91' lang='lat' dir='ltr'><strong>ea</strong></span> <span class='ocrx_word' id='word_1_315' title='bbox 1025 2955 1084 3005; x_wconf 83' lang='lat' dir='ltr'><strong>cum</strong></span> <span class='ocrx_word' id='word_1_316' title='bbox 1095 2951 1190 3006; x_wconf 85' lang='lat' dir='ltr'><strong>Latina</strong></span> <span class='ocrx_word' id='word_1_317' title='bbox 1200 2953 1281 3008; x_wconf 71' lang='lat' dir='ltr'><strong>vauri</strong></span> 
     </span>
     <span class='ocr_line' id='line_1_32' title="bbox 116 3035 1280 3107; baseline 0.003 -19"><span class='ocrx_word' id='word_1_318' title='bbox 116 3036 341 3106; x_wconf 83' lang='lat' dir='ltr'><strong>interpretatione,</strong></span> <span class='ocrx_word' id='word_1_319' title='bbox 353 3037 423 3107; x_wconf 91' lang='lat' dir='ltr'><strong>quod</strong></span> <span class='ocrx_word' id='word_1_320' title='bbox 435 3038 497 3091; x_wconf 90' lang='lat' dir='ltr'><strong>olim</strong></span> <span class='ocrx_word' id='word_1_321' title='bbox 510 3035 603 3090; x_wconf 90' lang='lat' dir='ltr'><strong>Billius</strong></span> <span class='ocrx_word' id='word_1_322' title='bbox 614 3037 723 3102; x_wconf 81' lang='lat' dir='ltr'><strong>lecerat,</strong></span> <span class='ocrx_word' id='word_1_323' title='bbox 741 3037 879 3106; x_wconf 84' lang='lat' dir='ltr'><strong>diligenter</strong></span> <span class='ocrx_word' id='word_1_324' title='bbox 889 3037 1060 3103; x_wconf 89' lang='lat' dir='ltr'><strong>contulimus,</strong></span> <span class='ocrx_word' id='word_1_325' title='bbox 1076 3043 1102 3090; x_wconf 90' lang='lat' dir='ltr'><strong>et</strong></span> <span class='ocrx_word' id='word_1_326' title='bbox 1112 3045 1217 3092; x_wconf 76' lang='lat' dir='ltr'><strong>normas</strong></span> <span class='ocrx_word' id='word_1_327' title='bbox 1226 3037 1280 3092; x_wconf 84' lang='lat' dir='ltr'><strong>Bil-</strong></span> 
     </span>
     <span class='ocr_line' id='line_1_33' title="bbox 116 3121 1280 3194; baseline 0.003 -19"><span class='ocrx_word' id='word_1_328' title='bbox 116 3121 195 3192; x_wconf 88' lang='lat' dir='ltr'><strong>liique</strong></span> <span class='ocrx_word' id='word_1_329' title='bbox 207 3123 368 3176; x_wconf 87' lang='lat' dir='ltr'><strong>coniecturas</strong></span> <span class='ocrx_word' id='word_1_330' title='bbox 380 3123 413 3177; x_wconf 90' lang='lat' dir='ltr'><strong>ad</strong></span> <span class='ocrx_word' id='word_1_331' title='bbox 425 3123 570 3192; x_wconf 79' lang='lat' dir='ltr'><strong>marginem</strong></span> <span class='ocrx_word' id='word_1_332' title='bbox 582 3121 780 3192; x_wconf 84' lang='lat' dir='ltr'><strong>adscripsimus,</strong></span> <span class='ocrx_word' id='word_1_333' title='bbox 797 3139 881 3193; x_wconf 87' lang='lat' dir='ltr'><strong>neque</strong></span> <span class='ocrx_word' id='word_1_334' title='bbox 897 3125 1037 3194; x_wconf 85' lang='lat' dir='ltr'><strong>quicquam</strong></span> <span class='ocrx_word' id='word_1_335' title='bbox 1052 3124 1103 3177; x_wconf 89' lang='lat' dir='ltr'><strong>nisi</strong></span> <span class='ocrx_word' id='word_1_336' title='bbox 1118 3139 1152 3178; x_wconf 87' lang='lat' dir='ltr'><strong>ex</strong></span> <span class='ocrx_word' id='word_1_337' title='bbox 1163 3129 1280 3179; x_wconf 78' lang='lat' dir='ltr'><strong>retemm</strong></span> 
     </span>
     <span class='ocr_line' id='line_1_34' title="bbox 115 3207 861 3278; baseline 0.003 -16"><span class='ocrx_word' id='word_1_338' title='bbox 115 3223 195 3264; x_wconf 87' lang='lat' dir='ltr'><strong>manu</strong></span> <span class='ocrx_word' id='word_1_339' title='bbox 207 3213 374 3262; x_wconf 81' lang='lat' dir='ltr'><strong>exaratorum</strong></span> <span class='ocrx_word' id='word_1_340' title='bbox 384 3207 437 3262; x_wconf 86' lang='lat' dir='ltr'><strong>tide</strong></span> <span class='ocrx_word' id='word_1_341' title='bbox 447 3209 475 3262; x_wconf 90' lang='lat' dir='ltr'><strong>in</strong></span> <span class='ocrx_word' id='word_1_342' title='bbox 487 3213 611 3261; x_wconf 87' lang='lat' dir='ltr'><strong>contextu</strong></span> <span class='ocrx_word' id='word_1_343' title='bbox 622 3209 681 3278; x_wconf 90' lang='lat' dir='ltr'><strong>ipso</strong></span> <span class='ocrx_word' id='word_1_344' title='bbox 693 3209 861 3264; x_wconf 84' lang='lat' dir='ltr'><strong>mutavimus.</strong></span> 
     </span>
    </p>

    <p class='ocr_par' dir='ltr' id='par_1_11' title="bbox 118 3292 1280 3450">
     <span class='ocr_line' id='line_1_35' title="bbox 182 3292 1280 3368; baseline 0.003 -19"><span class='ocrx_word' id='word_1_345' title='bbox 182 3293 215 3348; x_wconf 84' lang='lat' dir='ltr'><strong>N.</strong></span> <span class='ocrx_word' id='word_1_346' title='bbox 226 3313 253 3349; x_wconf 86' lang='lat' dir='ltr'><strong>x.</strong></span> <span class='ocrx_word' id='word_1_347' title='bbox 272 3293 325 3347; x_wconf 73' lang='lat' dir='ltr'><strong>ota</strong></span> <span class='ocrx_word' id='word_1_348' title='bbox 337 3292 484 3360; x_wconf 73' lang='grc' dir='ltr'><strong>ἐπιζηιησιις</strong></span> <span class='ocrx_word' id='word_1_349' title='bbox 497 3293 524 3346; x_wconf 73' lang='lat' dir='ltr'><strong>ei</strong></span> <span class='ocrx_word' id='word_1_350' title='bbox 536 3293 593 3364; x_wconf 77' lang='grc' dir='ltr'><strong>παρ’</strong></span> <span class='ocrx_word' id='word_1_351' title='bbox 605 3292 694 3363; x_wconf 65' lang='grc' dir='ltr'>ἡμῶν]</span> <span class='ocrx_word' id='word_1_352' title='bbox 723 3293 797 3357; x_wconf 80' lang='lat' dir='ltr'><strong>Quod</strong></span> <span class='ocrx_word' id='word_1_353' title='bbox 809 3311 943 3366; x_wconf 85' lang='lat' dir='ltr'><strong>perperam</strong></span> <span class='ocrx_word' id='word_1_354' title='bbox 955 3302 1032 3350; x_wconf 86' lang='lat' dir='ltr'><strong>antea</strong></span> <span class='ocrx_word' id='word_1_355' title='bbox 1043 3295 1148 3367; x_wconf 76' lang='grc' dir='ltr'><strong>Διλφοις</strong></span> <span class='ocrx_word' id='word_1_356' title='bbox 1159 3313 1207 3368; x_wconf 90' lang='lat' dir='ltr'><strong>pro</strong></span> <span class='ocrx_word' id='word_1_357' title='bbox 1218 3295 1280 3352; x_wconf 68' lang='lat' dir='ltr'><strong>ssa-</strong></span> 
     </span>
     <span class='ocr_line' id='line_1_36' title="bbox 118 3379 947 3450; baseline 0.002 -18"><span class='ocrx_word' id='word_1_358' title='bbox 118 3384 167 3442; x_wconf 76' lang='grc' dir='ltr'><strong>ιιῖς</strong></span> <span class='ocrx_word' id='word_1_359' title='bbox 177 3380 322 3450; x_wconf 88' lang='lat' dir='ltr'><strong>legebatur,</strong></span> <span class='ocrx_word' id='word_1_360' title='bbox 335 3395 368 3433; x_wconf 84' lang='lat' dir='ltr'><strong>ex</strong></span> <span class='ocrx_word' id='word_1_361' title='bbox 379 3379 445 3450; x_wconf 80' lang='lat' dir='ltr'><strong>Reg.</strong></span> <span class='ocrx_word' id='word_1_362' title='bbox 459 3379 521 3433; x_wconf 85' lang='lat' dir='ltr'><strong>God.</strong></span> <span class='ocrx_word' id='word_1_363' title='bbox 533 3380 671 3433; x_wconf 82' lang='lat' dir='ltr'><strong>autoritate</strong></span> <span class='ocrx_word' id='word_1_364' title='bbox 682 3381 844 3434; x_wconf 84' lang='lat' dir='ltr'><strong>sustulimus.</strong></span> <span class='ocrx_word' id='word_1_365' title='bbox 944 3403 947 3411; x_wconf 60' lang='lat'><strong>.</strong></span> 
     </span>
    </p>

    <p class='ocr_par' dir='ltr' id='par_1_12' title="bbox 182 3462 850 3536">
     <span class='ocr_line' id='line_1_37' title="bbox 182 3462 850 3536; baseline -0.004 -16"><span class='ocrx_word' id='word_1_366' title='bbox 182 3465 214 3520; x_wconf 78' lang='lat' dir='ltr'><strong>N.</strong></span> <span class='ocrx_word' id='word_1_367' title='bbox 226 3483 263 3518; x_wconf 78' lang='grc' dir='ltr'><strong>ιι.</strong></span> <span class='ocrx_word' id='word_1_368' title='bbox 281 3463 328 3516; x_wconf 88' lang='lat' dir='ltr'><strong>llol</strong></span> <span class='ocrx_word' id='word_1_369' title='bbox 339 3465 454 3518; x_wconf 71' lang='lat' dir='ltr'><strong>noussen</strong></span> <span class='ocrx_word' id='word_1_370' title='bbox 465 3462 499 3526; x_wconf 79' lang='grc' dir='ltr'><strong>ὡς</strong></span> <span class='ocrx_word' id='word_1_371' title='bbox 511 3463 535 3517; x_wconf 77' lang='grc' dir='ltr'><strong>ιν</strong></span> <span class='ocrx_word' id='word_1_372' title='bbox 548 3465 651 3536; x_wconf 63' lang='lat' dir='ltr'><strong>otton]</strong></span> <span class='ocrx_word' id='word_1_373' title='bbox 668 3465 790 3536; x_wconf 82' lang='lat' dir='ltr'><strong>Expung.</strong></span> <span class='ocrx_word' id='word_1_374' title='bbox 804 3465 850 3518; x_wconf 80' lang='lat' dir='ltr'><strong>acl.</strong></span> 
     </span>
    </p>

    <p class='ocr_par' dir='ltr' id='par_1_13' title="bbox 116 3543 1281 4654">
     <span class='ocr_line' id='line_1_38' title="bbox 183 3543 1280 3625; baseline 0.006 -21"><span class='ocrx_word' id='word_1_375' title='bbox 183 3543 253 3604; x_wconf 73' lang='grc' dir='ltr'><strong>Εἶναι</strong></span> <span class='ocrx_word' id='word_1_376' title='bbox 264 3548 313 3623; x_wconf 74' lang='grc' dir='ltr'><strong>γὰρ</strong></span> <span class='ocrx_word' id='word_1_377' title='bbox 325 3550 406 3604; x_wconf 79' lang='grc' dir='ltr'>αὐτῶν</span> <span class='ocrx_word' id='word_1_378' title='bbox 418 3549 542 3618; x_wconf 73' lang='grc' dir='ltr'><strong>ἕκαστοι]</strong></span> <span class='ocrx_word' id='word_1_379' title='bbox 567 3550 659 3606; x_wconf 91' lang='lat' dir='ltr'><strong>Utrum</strong></span> <span class='ocrx_word' id='word_1_380' title='bbox 674 3553 794 3606; x_wconf 77' lang='lat' dir='ltr'><strong>Aeonum</strong></span> <span class='ocrx_word' id='word_1_381' title='bbox 810 3553 952 3624; x_wconf 86' lang='lat' dir='ltr'><strong>quemlibet</strong></span> <span class='ocrx_word' id='word_1_382' title='bbox 966 3552 1205 3625; x_wconf 86' lang='lat' dir='ltr'><strong>hermaphroditum</strong></span> <span class='ocrx_word' id='word_1_383' title='bbox 1221 3573 1280 3610; x_wconf 88' lang='lat' dir='ltr'><strong>ease</strong></span> 
     </span>
     <span class='ocr_line' id='line_1_39' title="bbox 118 3637 1280 3709; baseline 0.007 -21"><span class='ocrx_word' id='word_1_384' title='bbox 118 3637 226 3690; x_wconf 79' lang='lat' dir='ltr'><strong>soluerit</strong></span> <span class='ocrx_word' id='word_1_385' title='bbox 234 3637 401 3700; x_wconf 87' lang='lat' dir='ltr'><strong>Valentinus,</strong></span> <span class='ocrx_word' id='word_1_386' title='bbox 413 3653 447 3689; x_wconf 86' lang='lat' dir='ltr'><strong>an</strong></span> <span class='ocrx_word' id='word_1_387' title='bbox 459 3637 532 3707; x_wconf 89' lang='lat' dir='ltr'><strong>paria</strong></span> <span class='ocrx_word' id='word_1_388' title='bbox 544 3637 600 3708; x_wconf 88' lang='lat' dir='ltr'><strong>ipsa</strong></span> <span class='ocrx_word' id='word_1_389' title='bbox 608 3639 695 3707; x_wconf 87' lang='lat' dir='ltr'><strong>potius</strong></span> <span class='ocrx_word' id='word_1_390' title='bbox 707 3639 836 3706; x_wconf 85' lang='lat' dir='ltr'><strong>intelligat</strong></span> <span class='ocrx_word' id='word_1_391' title='bbox 848 3655 881 3690; x_wconf 86' lang='lat' dir='ltr'><strong>ex</strong></span> <span class='ocrx_word' id='word_1_392' title='bbox 893 3639 959 3692; x_wconf 86' lang='lat' dir='ltr'><strong>mari</strong></span> <span class='ocrx_word' id='word_1_393' title='bbox 967 3639 1116 3709; x_wconf 84' lang='lat' dir='ltr'><strong>feminaque</strong></span> <span class='ocrx_word' id='word_1_394' title='bbox 1125 3643 1280 3708; x_wconf 86' lang='lat' dir='ltr'><strong>constantia,</strong></span> 
     </span>
     <span class='ocr_line' id='line_1_40' title="bbox 119 3721 1280 3794; baseline 0.006 -20"><span class='ocrx_word' id='word_1_395' title='bbox 119 3721 228 3776; x_wconf 86' lang='lat' dir='ltr'><strong>dubitari</strong></span> <span class='ocrx_word' id='word_1_396' title='bbox 238 3721 308 3774; x_wconf 84' lang='lat' dir='ltr'><strong>haud</strong></span> <span class='ocrx_word' id='word_1_397' title='bbox 319 3723 448 3776; x_wconf 89' lang='lat' dir='ltr'><strong>immerito</strong></span> <span class='ocrx_word' id='word_1_398' title='bbox 459 3737 522 3776; x_wconf 87' lang='lat' dir='ltr'><strong>sans</strong></span> <span class='ocrx_word' id='word_1_399' title='bbox 534 3729 627 3792; x_wconf 88' lang='lat' dir='ltr'><strong>potest.</strong></span> <span class='ocrx_word' id='word_1_400' title='bbox 653 3723 703 3776; x_wconf 87' lang='lat' dir='ltr'><strong>Par</strong></span> <span class='ocrx_word' id='word_1_401' title='bbox 719 3723 824 3793; x_wconf 90' lang='lat' dir='ltr'><strong>quidem</strong></span> <span class='ocrx_word' id='word_1_402' title='bbox 839 3724 925 3793; x_wconf 88' lang='lat' dir='ltr'><strong>ipsum</strong></span> <span class='ocrx_word' id='word_1_403' title='bbox 941 3721 1091 3794; x_wconf 75' lang='grc' dir='ltr'><strong>ιῤῥενιιηλν</strong></span> <span class='ocrx_word' id='word_1_404' title='bbox 1102 3724 1219 3780; x_wconf 84' lang='lat' dir='ltr'><strong>hocloco</strong></span> <span class='ocrx_word' id='word_1_405' title='bbox 1234 3744 1280 3780; x_wconf 92' lang='lat' dir='ltr'><strong>no-</strong></span> 
     </span>
     <span class='ocr_line' id='line_1_41' title="bbox 117 3803 1280 3880; baseline 0.002 -18"><span class='ocrx_word' id='word_1_406' title='bbox 117 3809 210 3862; x_wconf 84' lang='lat' dir='ltr'><strong>minari</strong></span> <span class='ocrx_word' id='word_1_407' title='bbox 221 3807 314 3862; x_wconf 89' lang='lat' dir='ltr'><strong>docent</strong></span> <span class='ocrx_word' id='word_1_408' title='bbox 325 3823 357 3860; x_wconf 90' lang='lat' dir='ltr'><strong>ea</strong></span> <span class='ocrx_word' id='word_1_409' title='bbox 369 3823 435 3877; x_wconf 86' lang='lat' dir='ltr'><strong>qnae</strong></span> <span class='ocrx_word' id='word_1_410' title='bbox 446 3807 627 3863; x_wconf 83' lang='lat' dir='ltr'><strong>eohiiciuatur.</strong></span> <span class='ocrx_word' id='word_1_411' title='bbox 654 3807 720 3862; x_wconf 86' lang='lat' dir='ltr'><strong>Gom</strong></span> <span class='ocrx_word' id='word_1_412' title='bbox 735 3810 806 3862; x_wconf 87' lang='lat' dir='ltr'><strong>enim</strong></span> <span class='ocrx_word' id='word_1_413' title='bbox 823 3809 931 3862; x_wconf 82' lang='lat' dir='ltr'><strong>dixisset</strong></span> <span class='ocrx_word' id='word_1_414' title='bbox 946 3803 1006 3860; x_wconf 73' lang='grc' dir='ltr'><strong>εἶναι</strong></span> <span class='ocrx_word' id='word_1_415' title='bbox 1023 3807 1070 3880; x_wconf 76' lang='grc' dir='ltr'><strong>γὰρ</strong></span> <span class='ocrx_word' id='word_1_416' title='bbox 1083 3809 1165 3863; x_wconf 77' lang='grc' dir='ltr'>αὐτῶν</span> <span class='ocrx_word' id='word_1_417' title='bbox 1177 3811 1280 3864; x_wconf 71' lang='grc' dir='ltr'><strong>ἕκαστον</strong></span> 
     </span>
     <span class='ocr_line' id='line_1_42' title="bbox 118 3889 1280 3966; baseline 0.004 -20"><span class='ocrx_word' id='word_1_418' title='bbox 118 3889 279 3964; x_wconf 74' lang='grc' dir='ltr'><strong>ὶρῤινιιηλυν</strong></span> <span class='ocrx_word' id='word_1_419' title='bbox 292 3892 383 3962; x_wconf 74' lang='grc' dir='ltr'><strong>οὕτως,</strong></span> <span class='ocrx_word' id='word_1_420' title='bbox 400 3893 530 3964; x_wconf 84' lang='lat' dir='ltr'><strong>quomodo</strong></span> <span class='ocrx_word' id='word_1_421' title='bbox 546 3893 572 3946; x_wconf 94' lang='lat' dir='ltr'><strong>id</strong></span> <span class='ocrx_word' id='word_1_422' title='bbox 587 3893 635 3946; x_wconf 88' lang='lat' dir='ltr'><strong>fiet</strong></span> <span class='ocrx_word' id='word_1_423' title='bbox 650 3893 763 3946; x_wconf 85' lang='lat' dir='ltr'><strong>ostendit</strong></span> <span class='ocrx_word' id='word_1_424' title='bbox 779 3895 805 3946; x_wconf 90' lang='lat' dir='ltr'><strong>io</strong></span> <span class='ocrx_word' id='word_1_425' title='bbox 817 3895 998 3964; x_wconf 72' lang='lat' dir='ltr'><strong>sequentihus,</strong></span> <span class='ocrx_word' id='word_1_426' title='bbox 1015 3896 1084 3966; x_wconf 82' lang='lat' dir='ltr'><strong>quod</strong></span> <span class='ocrx_word' id='word_1_427' title='bbox 1096 3904 1123 3949; x_wconf 89' lang='lat' dir='ltr'><strong>et</strong></span> <span class='ocrx_word' id='word_1_428' title='bbox 1134 3897 1208 3950; x_wconf 86' lang='lat' dir='ltr'><strong>Pater</strong></span> <span class='ocrx_word' id='word_1_429' title='bbox 1219 3913 1280 3952; x_wconf 90' lang='lat' dir='ltr'><strong>cum</strong></span> 
     </span>
     <span class='ocr_line' id='line_1_43' title="bbox 117 3977 1279 4052; baseline 0.002 -20"><span class='ocrx_word' id='word_1_430' title='bbox 117 3977 236 4043; x_wconf 72' lang='grc' dir='ltr'><strong>Βιιοοι,</strong></span> <span class='ocrx_word' id='word_1_431' title='bbox 247 3983 273 4032; x_wconf 86' lang='lat' dir='ltr'><strong>et</strong></span> <span class='ocrx_word' id='word_1_432' title='bbox 284 3995 355 4032; x_wconf 87' lang='lat' dir='ltr'><strong>mare</strong></span> <span class='ocrx_word' id='word_1_433' title='bbox 367 3980 475 4032; x_wconf 88' lang='lat' dir='ltr'><strong>caeteris</strong></span> <span class='ocrx_word' id='word_1_434' title='bbox 487 3995 547 4032; x_wconf 89' lang='lat' dir='ltr'><strong>cum</strong></span> <span class='ocrx_word' id='word_1_435' title='bbox 559 3979 614 4032; x_wconf 87' lang='lat' dir='ltr'><strong>suis</strong></span> <span class='ocrx_word' id='word_1_436' title='bbox 626 3979 790 4049; x_wconf 85' lang='lat' dir='ltr'><strong>comparibus</strong></span> <span class='ocrx_word' id='word_1_437' title='bbox 799 3980 929 4034; x_wconf 89' lang='lat' dir='ltr'><strong>coniuncti</strong></span> <span class='ocrx_word' id='word_1_438' title='bbox 940 3982 1000 4035; x_wconf 85' lang='lat' dir='ltr'><strong>aiot.</strong></span> <span class='ocrx_word' id='word_1_439' title='bbox 1018 3979 1107 4051; x_wconf 88' lang='lat' dir='ltr'><strong>ltaque</strong></span> <span class='ocrx_word' id='word_1_440' title='bbox 1117 3979 1279 4052; x_wconf 74' lang='grc' dir='ltr'><strong>ἀῤῥενιιηλιιν</strong></span> 
     </span>
     <span class='ocr_line' id='line_1_44' title="bbox 117 4064 1279 4136; baseline 0.001 -17"><span class='ocrx_word' id='word_1_441' title='bbox 117 4065 208 4119; x_wconf 90' lang='lat' dir='ltr'><strong>iccirco</strong></span> <span class='ocrx_word' id='word_1_442' title='bbox 224 4065 344 4118; x_wconf 84' lang='lat' dir='ltr'><strong>nominat</strong></span> <span class='ocrx_word' id='word_1_443' title='bbox 359 4065 422 4134; x_wconf 88' lang='lat' dir='ltr'><strong>quia</strong></span> <span class='ocrx_word' id='word_1_444' title='bbox 437 4065 562 4134; x_wconf 89' lang='lat' dir='ltr'><strong>coniuges</strong></span> <span class='ocrx_word' id='word_1_445' title='bbox 578 4071 648 4118; x_wconf 82' lang='lat' dir='ltr'><strong>sunt.</strong></span> <span class='ocrx_word' id='word_1_446' title='bbox 674 4065 755 4135; x_wconf 78' lang='grc' dir='ltr'><strong>Διηιὶ</strong></span> <span class='ocrx_word' id='word_1_447' title='bbox 766 4065 941 4120; x_wconf 84' lang='lat' dir='ltr'><strong>Valentiniani</strong></span> <span class='ocrx_word' id='word_1_448' title='bbox 957 4067 1008 4136; x_wconf 91' lang='lat' dir='ltr'><strong>ipsi</strong></span> <span class='ocrx_word' id='word_1_449' title='bbox 1024 4064 1187 4136; x_wconf 76' lang='grc' dir='ltr'><strong>ιἰῤῥενιιηλιν</strong></span> <span class='ocrx_word' id='word_1_450' title='bbox 1202 4069 1279 4122; x_wconf 74' lang='lat' dir='ltr'><strong>Badis</strong></span> 
     </span>
     <span class='ocr_line' id='line_1_45' title="bbox 116 4151 1280 4225; baseline 0.003 -21"><span class='ocrx_word' id='word_1_451' title='bbox 116 4151 234 4216; x_wconf 79' lang='grc' dir='ltr'><strong>ΑοοιιιιιΙ</strong></span> <span class='ocrx_word' id='word_1_452' title='bbox 246 4151 388 4220; x_wconf 80' lang='lat' dir='ltr'><strong>prinoipem</strong></span> <span class='ocrx_word' id='word_1_453' title='bbox 400 4155 426 4202; x_wconf 86' lang='lat' dir='ltr'><strong>et</strong></span> <span class='ocrx_word' id='word_1_454' title='bbox 437 4151 565 4219; x_wconf 76' lang='lat' dir='ltr'><strong>originem</strong></span> <span class='ocrx_word' id='word_1_455' title='bbox 582 4151 609 4203; x_wconf 91' lang='lat' dir='ltr'><strong>ln</strong></span> <span class='ocrx_word' id='word_1_456' title='bbox 623 4151 690 4204; x_wconf 89' lang='lat' dir='ltr'><strong>libro</strong></span> <span class='ocrx_word' id='word_1_457' title='bbox 702 4167 750 4203; x_wconf 92' lang='lat' dir='ltr'><strong>auo</strong></span> <span class='ocrx_word' id='word_1_458' title='bbox 762 4151 935 4206; x_wconf 79' lang='lat' dir='ltr'><strong>vocautN.V.</strong></span> <span class='ocrx_word' id='word_1_459' title='bbox 961 4151 994 4204; x_wconf 76' lang='lat' dir='ltr'><strong>Et</strong></span> <span class='ocrx_word' id='word_1_460' title='bbox 1009 4167 1069 4205; x_wconf 89' lang='lat' dir='ltr'><strong>cum</strong></span> <span class='ocrx_word' id='word_1_461' title='bbox 1080 4152 1215 4208; x_wconf 84' lang='lat' dir='ltr'><strong>Tetradem</strong></span> <span class='ocrx_word' id='word_1_462' title='bbox 1233 4173 1280 4225; x_wconf 90' lang='lat' dir='ltr'><strong>po·</strong></span> 
     </span>
     <span class='ocr_line' id='line_1_46' title="bbox 116 4234 1280 4309; baseline 0.005 -19"><span class='ocrx_word' id='word_1_463' title='bbox 116 4239 263 4301; x_wconf 89' lang='lat' dir='ltr'><strong>ateriorem,</strong></span> <span class='ocrx_word' id='word_1_464' title='bbox 279 4235 409 4290; x_wconf 82' lang='lat' dir='ltr'><strong>Decedam</strong></span> <span class='ocrx_word' id='word_1_465' title='bbox 421 4248 451 4290; x_wconf 85' lang='lat' dir='ltr'><strong>ac</strong></span> <span class='ocrx_word' id='word_1_466' title='bbox 463 4235 625 4290; x_wconf 87' lang='lat' dir='ltr'><strong>Dodeeadem</strong></span> <span class='ocrx_word' id='word_1_467' title='bbox 642 4243 792 4302; x_wconf 87' lang='lat' dir='ltr'><strong>numerant,</strong></span> <span class='ocrx_word' id='word_1_468' title='bbox 809 4234 971 4308; x_wconf 76' lang='grc' dir='ltr'><strong>ὰῤῥινόθηλον</strong></span> <span class='ocrx_word' id='word_1_469' title='bbox 987 4243 1124 4308; x_wconf 88' lang='lat' dir='ltr'><strong>utramque</strong></span> <span class='ocrx_word' id='word_1_470' title='bbox 1139 4241 1280 4309; x_wconf 86' lang='lat' dir='ltr'><strong>appellant,</strong></span> 
     </span>
     <span class='ocr_line' id='line_1_47' title="bbox 117 4320 1280 4395; baseline 0.003 -19"><span class='ocrx_word' id='word_1_471' title='bbox 117 4339 167 4376; x_wconf 89' lang='lat' dir='ltr'><strong>non</strong></span> <span class='ocrx_word' id='word_1_472' title='bbox 179 4322 250 4393; x_wconf 90' lang='lat' dir='ltr'><strong>quod</strong></span> <span class='ocrx_word' id='word_1_473' title='bbox 261 4321 360 4390; x_wconf 87' lang='lat' dir='ltr'><strong>singuli</strong></span> <span class='ocrx_word' id='word_1_474' title='bbox 369 4323 470 4375; x_wconf 77' lang='lat' dir='ltr'><strong>Aeones</strong></span> <span class='ocrx_word' id='word_1_475' title='bbox 478 4320 681 4391; x_wconf 87' lang='lat' dir='ltr'><strong>hermaphroditi</strong></span> <span class='ocrx_word' id='word_1_476' title='bbox 692 4329 788 4387; x_wconf 78' lang='lat' dir='ltr'><strong>essem,</strong></span> <span class='ocrx_word' id='word_1_477' title='bbox 800 4322 846 4376; x_wconf 87' lang='lat' dir='ltr'><strong>sed</strong></span> <span class='ocrx_word' id='word_1_478' title='bbox 855 4324 925 4392; x_wconf 88' lang='lat' dir='ltr'><strong>quod</strong></span> <span class='ocrx_word' id='word_1_479' title='bbox 933 4325 1005 4394; x_wconf 86' lang='lat' dir='ltr'><strong>paria</strong></span> <span class='ocrx_word' id='word_1_480' title='bbox 1012 4321 1038 4375; x_wconf 81' lang='grc' dir='ltr'><strong>ιν</strong></span> <span class='ocrx_word' id='word_1_481' title='bbox 1047 4328 1077 4394; x_wconf 63' lang='lat' dir='ltr'><strong>fl</strong></span> <span class='ocrx_word' id='word_1_482' title='bbox 1087 4321 1161 4395; x_wconf 66' lang='lat' dir='ltr'><strong>ipen</strong></span> <span class='ocrx_word' id='word_1_483' title='bbox 1169 4327 1280 4380; x_wconf 89' lang='lat' dir='ltr'><strong>marium</strong></span> 
     </span>
     <span class='ocr_line' id='line_1_48' title="bbox 117 4406 1279 4481; baseline 0.004 -19"><span class='ocrx_word' id='word_1_484' title='bbox 117 4407 323 4478; x_wconf 79' lang='lat' dir='ltr'><strong>feminarumque</strong></span> <span class='ocrx_word' id='word_1_485' title='bbox 335 4408 535 4462; x_wconf 89' lang='lat' dir='ltr'><strong>continerentur.</strong></span> <span class='ocrx_word' id='word_1_486' title='bbox 564 4407 688 4470; x_wconf 86' lang='lat' dir='ltr'><strong>Quocirca</strong></span> <span class='ocrx_word' id='word_1_487' title='bbox 700 4407 764 4462; x_wconf 87' lang='lat' dir='ltr'><strong>nihil</strong></span> <span class='ocrx_word' id='word_1_488' title='bbox 780 4409 813 4461; x_wconf 89' lang='lat' dir='ltr'><strong>ad</strong></span> <span class='ocrx_word' id='word_1_489' title='bbox 824 4406 893 4462; x_wconf 88' lang='lat' dir='ltr'><strong>huno</strong></span> <span class='ocrx_word' id='word_1_490' title='bbox 904 4409 1002 4462; x_wconf 79' lang='lat' dir='ltr'><strong>hausei</strong></span> <span class='ocrx_word' id='word_1_491' title='bbox 1016 4411 1116 4476; x_wconf 87' lang='lat' dir='ltr'><strong>locum,</strong></span> <span class='ocrx_word' id='word_1_492' title='bbox 1134 4416 1164 4464; x_wconf 93' lang='lat' dir='ltr'><strong>ut</strong></span> <span class='ocrx_word' id='word_1_493' title='bbox 1180 4412 1279 4481; x_wconf 80' lang='lat' dir='ltr'><strong>opinor,</strong></span> 
     </span>
     <span class='ocr_line' id='line_1_49' title="bbox 118 4491 1280 4566; baseline 0 -18"><span class='ocrx_word' id='word_1_494' title='bbox 118 4495 229 4564; x_wconf 80' lang='lat' dir='ltr'><strong>pertinet</strong></span> <span class='ocrx_word' id='word_1_495' title='bbox 246 4493 315 4563; x_wconf 86' lang='lat' dir='ltr'><strong>quud</strong></span> <span class='ocrx_word' id='word_1_496' title='bbox 332 4493 461 4546; x_wconf 80' lang='lat' dir='ltr'><strong>eTertull.</strong></span> <span class='ocrx_word' id='word_1_497' title='bbox 473 4491 588 4558; x_wconf 82' lang='lat' dir='ltr'><strong>affertur,</strong></span> <span class='ocrx_word' id='word_1_498' title='bbox 602 4493 669 4546; x_wconf 88' lang='lat' dir='ltr'><strong>libro</strong></span> <span class='ocrx_word' id='word_1_499' title='bbox 685 4509 708 4546; x_wconf 89' lang='lat' dir='ltr'><strong>c.</strong></span> <span class='ocrx_word' id='word_1_500' title='bbox 717 4493 819 4549; x_wconf 87' lang='lat' dir='ltr'><strong>Valent.</strong></span> <span class='ocrx_word' id='word_1_501' title='bbox 831 4507 888 4564; x_wconf 89' lang='lat' dir='ltr'><strong>cap.</strong></span> <span class='ocrx_word' id='word_1_502' title='bbox 900 4511 994 4548; x_wconf 75' lang='lat' dir='ltr'><strong>xxxiv:</strong></span> <span class='ocrx_word' id='word_1_503' title='bbox 1017 4497 1076 4548; x_wconf 72' lang='lat' dir='ltr'><strong>Ater</strong></span> <span class='ocrx_word' id='word_1_504' title='bbox 1089 4505 1182 4548; x_wconf 51' lang='lat' dir='ltr'><strong>¹contro</strong></span> <span class='ocrx_word' id='word_1_505' title='bbox 1197 4501 1280 4566; x_wconf 73' lang='lat' dir='ltr'><strong>mops&#39;a</strong></span> 
     </span>
     <span class='ocr_line' id='line_1_50' title="bbox 119 4579 1281 4654; baseline 0 -20"><span class='ocrx_word' id='word_1_506' title='bbox 119 4581 290 4636; x_wconf 64' lang='lat' dir='ltr'><strong>ammisse</strong></span> <span class='ocrx_word' id='word_1_507' title='bbox 301 4582 457 4650; x_wconf 75' lang='lat' dir='ltr'><strong>etfsms&#39;aoos</strong></span> <span class='ocrx_word' id='word_1_508' title='bbox 468 4579 567 4643; x_wconf 67' lang='lat' dir='ltr'><strong>aaut,</strong></span> <span class='ocrx_word' id='word_1_509' title='bbox 579 4595 610 4632; x_wconf 82' lang='lat' dir='ltr'><strong>oe</strong></span> <span class='ocrx_word' id='word_1_510' title='bbox 621 4581 693 4651; x_wconf 75' lang='lat' dir='ltr'><strong>opud</strong></span> <span class='ocrx_word' id='word_1_511' title='bbox 702 4581 768 4634; x_wconf 85' lang='lat' dir='ltr'><strong>soloe</strong></span> <span class='ocrx_word' id='word_1_512' title='bbox 776 4579 905 4634; x_wconf 77' lang='lat' dir='ltr'><strong>Laanoea</strong></span> <span class='ocrx_word' id='word_1_513' title='bbox 913 4581 1147 4654; x_wconf 75' lang='lat' dir='ltr'><strong>dmphroda&#39;taae</strong></span> <span class='ocrx_word' id='word_1_514' title='bbox 1157 4587 1281 4638; x_wconf 78' lang='lat' dir='ltr'><strong>eae&#39;atiaeet</strong></span> 
     </span>
    </p>
   </div>
   <div class='ocr_carea' id='block_1_3' title="bbox 0 0 1591 5044">
    <p class='ocr_par' dir='ltr' id='par_1_14' title="bbox 0 0 1591 5044">
     <span class='ocr_line' id='line_1_51' title="bbox 0 0 1591 5044; baseline 0 0"><span class='ocrx_word' id='word_1_515' title='bbox 0 0 1591 5044; x_wconf 95' lang='lat' dir='ltr'><strong> </strong></span> 
     </span>
    </p>
   </div>
  </div>
 </body>
</html>
