3104 5038
1155 335 1266 395 cccvii

104 495 131 549 in
141 492 287 550 dunellbus
303 491 402 550 lieclen
414 493 447 548 sd
463 508 561 548 eruum
572 507 646 550 svnr.
663 493 765 548 turneb
777 493 847 558 eliis,
864 493 910 564 qui
927 491 1050 548 edversus
1067 491 1187 548 haereses
1205 493 1266 548 scri·

103 585 219 652 pserunt,
231 580 264 634 ud
275 579 344 634 idem
356 585 539 650 argumentum
551 579 681 650 disputate
691 581 811 650 reperies.

172 667 357 738 Δευιιρόγαμιι
369 665 396 718 dl
408 664 453 716 ode
464 661 541 726 ἔξεστι
554 665 686 736 δέχεσθαι]
713 665 838 734 Digsmoe
848 681 902 718 nou
914 665 1000 718 solum
1012 666 1046 719 eb
1057 665 1199 736 episcopeli
1210 681 1266 718 mu·

103 766 173 815 uere,
185 751 321 805 sedetiam
333 767 349 804 e
360 751 441 804 enoris
451 751 574 804 omuibus
587 751 720 804 ordinibus
731 750 853 803 exclusos
865 750 946 804 iuiese
956 756 1089 822 perpetuo,
1101 753 1146 822 qui
1156 752 1267 822 probare

102 837 178 902 velit,
194 838 218 890 is
230 837 284 890 otio
295 844 321 890 et
332 835 421 890 chertu
431 838 633 908 intemperanter
644 837 773 890 shntetur.
799 835 837 890 De
849 837 979 906 episcopis
989 837 1062 890 locus
1074 842 1114 891 eet
1125 837 1236 908 epostoli
1247 855 1266 892 ι.

103 921 171 977 Tim.
184 939 237 978 rm:
267 923 370 993 Oportet
386 927 528 993 episcopum
546 939 598 975 esee
614 925 687 974 unice
701 925 789 974 morde
804 925 898 986 mrum,
915 921 984 992 quod
1000 922 1070 976 idem
1087 928 1113 976 et
1130 923 1163 976 ed
1179 923 1268 976 Titum

102 1021 160 1078 cep.
168 1025 195 1072 n,
207 1009 232 1061 l.
240 1009 340 1078 repetit
359 1007 458 1072 Quibus
469 1009 496 1062 in
508 1008 573 1062 locis
582 1007 651 1060 Beue
666 1011 693 1060 et
703 1006 826 1061 haeretiei
837 1023 941 1073 omues,
955 1008 1109 1078 praesertim
1122 1009 1267 1064 hioliuueue

101 1093 129 1145 ln
141 1091 216 1146 Fidei
227 1093 318 1160 Scuto,
330 1109 377 1147 nec
389 1111 442 1147 uon
454 1099 480 1146 et
490 1093 689 1146 iurisconsultus
700 1093 744 1146 ille
755 1108 834 1163 eupre
844 1092 971 1146 reiutetne
983 1094 1099 1159 euobis,
1111 1093 1143 1147 de
1155 1095 1268 1165 digemis

101 1177 154 1231 illis
167 1180 315 1250 apostolum
325 1180 533 1250 interpretentur,
550 1180 595 1250 qui
606 1179 670 1232 citru
680 1177 825 1248 legitimam
838 1193 971 1245 causeam,
987 1178 1036 1232 hoc
1052 1185 1091 1233 eet
1107 1186 1210 1250 praeter
1223 1179 1268 1233 ud·
1286 1241 1291 1252 ι

101 1265 191 1316 ulterli
203 1265 318 1335 culpem,
334 1265 470 1335 repudiate
481 1265 593 1336 coniuge
604 1265 712 1318 elterem
727 1263 870 1317 duxissent
896 1263 993 1318 Verum
1004 1267 1109 1318 temetsi
1119 1266 1169 1320 hoo
1181 1267 1268 1336 ipsum

102 1347 269 1419 digsmrum
278 1363 362 1420 genus
371 1349 463 1404 eodem
472 1351 584 1421 apostoli
593 1349 695 1403 decreto
707 1347 940 1420 comprehenditur,
952 1350 1168 1406 absurdissimum
1179 1357 1268 1405 temen

101 1439 210 1488 estnon
221 1451 266 1488 coe
278 1451 381 1506 quoque
393 1437 520 1490 contineri
531 1435 647 1502 credere,
665 1436 711 1506 qui
727 1451 810 1488 uxore
826 1440 930 1488 mortue
947 1435 1026 1489 ulium
1040 1436 1103 1502 eibi,
1121 1441 1147 1489 ιι
1164 1437 1268 1507 quidem

100 1519 262 1590 legitimum,
279 1522 418 1594 coniugem
433 1522 596 1577 adsciverint.
623 1521 662 1575 De
674 1537 725 1592 quo
736 1521 972 1574 luculentissimum
983 1519 1033 1574 hoc
1044 1521 1071 1574 in
1082 1523 1140 1576 loeo
1151 1521 1268 1575 testimo·

99 1605 179 1658 nium
189 1603 270 1658 hebes
279 1605 429 1677 lipipheuii,
441 1621 489 1661 nec
499 1623 553 1661 non
564 1613 590 1660 et
600 1607 629 1660 in
641 1603 809 1660 Gethsrorum
821 1604 891 1660 heer.
902 1623 955 1659 mx.
967 1623 1039 1659 num.
1048 1623 1084 1662 rr.
1112 1605 1163 1660 Ubi
1175 1607 1269 1660 diserte

100 1697 184 1761 neget
195 1705 283 1744 sacros
296 1691 329 1745 nd
340 1692 443 1746 ordines
454 1693 529 1746 illum
541 1693 633 1763 recipi,
646 1693 690 1762 qui
701 1693 786 1762 priore
798 1692 909 1761 coniuge
920 1697 1024 1745 mortue
1035 1693 1144 1745 ultorem
1155 1691 1267 1748 duxerit.

100 1775 180 1840 Quod
191 1777 256 1830 edeo
265 1791 355 1830 rerum
367 1784 415 1844 eet,
427 1785 455 1832 ut
466 1795 499 1832 ne
507 1779 598 1832 Arieui
609 1778 711 1848 quidem
725 1781 814 1830 contm
825 1793 990 1831 communem
1000 1778 1074 1830 illem
1084 1782 1268 1848 receptumque

100 1862 319 1916 consuetudinem
327 1865 415 1917 venire
427 1865 485 1918 eusi
496 1863 600 1918 fuerint.
618 1862 686 1916 Nem
696 1863 724 1915 iu
736 1861 916 1916 Ebioniterum
926 1861 1028 1916 haeresi
1036 1881 1098 1917 xxx.
1110 1879 1181 1917 num.
1191 1881 1215 1916 v.
1228 1863 1268 1917 lo·

100 1947 201 2018 sepiens
214 1947 320 2014 (lomes,
337 1965 397 2002 cum
407 1949 511 2016 Ariani,
528 1954 559 2002 ut
575 1949 608 2002 ud
622 1954 709 2019 partes
721 1963 782 2001 sues
798 1949 872 2002 illum
888 1947 1031 2015 traherent,
1048 1950 1227 2020 episcopatum
1244 1951 1269 2003 ei

99 2033 294 2103 pollicerentur,
310 2049 343 2086 ue
360 2035 457 2088 invitus
474 2035 507 2088 eb
524 2035 576 2088 illis
594 2033 762 2098 ordinaretur,
778 2033 863 2104 priore
879 2035 991 2104 coniuge
1008 2033 1130 2088 defuncte
1140 2035 1268 2089 secundus

100 2119 209 2189 nuptiae
220 2119 286 2172 iniit
305 2117 456 2182 Queeeitum
469 2121 531 2174 olim
541 2119 600 2185 luit,
614 2123 702 2173 utrum
714 2121 758 2190 qui
770 2125 830 2173 unte
843 2119 1002 2190 baptismum
1013 2120 1153 2191 coniugem
1163 2120 1269 2174 habuis·

100 2210 155 2269 sot,
173 2203 294 2275 digamus
311 2205 438 2259 eiusmodi
450 2211 598 2260 censeretur
609 2206 654 2276 qui
665 2205 698 2258 eb
710 2205 892 2258 ecclesiasticis
903 2205 1036 2259 ordinibus
1048 2210 1186 2260 erneretur.
1212 2205 1270 2270 Qus

101 2289 136 2342 de
150 2305 181 2342 re
197 2305 290 2360 perum
305 2291 448 2361 probabilis
464 2291 617 2361 Hieronymi
632 2292 761 2345 sententie
776 2297 850 2346 extet
860 2292 887 2344 in
899 2291 981 2362 lipist.
994 2291 1027 2344 ed
1039 2293 1185 2358 Oceanum,
1203 2307 1269 2361 quee

101 2380 143 2428 eet
154 2389 267 2430 nxxxnr.
293 2375 342 2430 (lui
357 2377 487 2430 contrerie
505 2381 545 2431 ιιι
555 2375 697 2448 Augustini
713 2377 758 2432 lib.
770 2376 802 2430 de
814 2375 888 2430 Bono
900 2376 1022 2448 Coniugii
1035 2393 1091 2450 cep.
1104 2395 1188 2442 sunu,
1206 2377 1269 2430 elio-

100 2476 216 2531 rumque
226 2467 329 2532 petrem
342 2463 442 2533 opinio,
454 2464 496 2516 cui
508 2463 683 2517 ecclesiastice
694 2463 798 2516 truditio
809 2477 839 2516 ec
851 2463 1011 2518 cousuetudo
1023 2463 1188 2535 suffragetur.
1212 2461 1270 2526 Qus

101 2545 135 2599 de
146 2562 175 2600 re
181 2547 313 2601 Valentini
325 2549 438 2614 eoncihi,
456 2547 526 2618 quod
538 2549 587 2602 sub
599 2549 712 2602 Demeeo
725 2547 883 2602 celebratum
896 2553 943 2614 est,
955 2549 1046 2602 Cenon
1056 2549 1156 2620 primus
1168 2549 1205 2601 ite
1216 2553 1268 2601 ste·
1296 2567 1317 2608 p.
1327 2555 1370 2598 tes.

101 2631 164 2685 tuit:
188 2631 232 2685 Uti
242 2635 341 2702 diuum
351 2652 382 2687 ιι
393 2635 542 2688 ordinentur
553 2637 654 2697 clerici,
667 2637 768 2687 etiomee'
777 2636 884 2702 pentilce
896 2634 980 2686 adhuc
992 2633 1043 2686 doc
1054 2651 1081 2686 ec
1091 2635 1204 2703 infelicis
1213 2651 1269 2687 eor·

101 2723 137 2769 tie
148 2721 298 2772 ιιιιιιιιαιι
313 2720 507 2774 nuntiaverint.
530 2719 595 2772 Vide
610 2719 698 2772 Inuoe.
710 2737 728 2774 1.
746 2718 829 2790 Epist.
840 2737 869 2774 u.
887 2733 944 2788 cup.
954 2735 990 2771 vr.
1019 2717 1087 2782 Quin
1105 2723 1131 2771 ιι
1147 2717 1268 2772 Zosimus

101 2817 174 2874 pepe
185 2804 260 2874 epist
271 2821 287 2857 ι.
298 2819 352 2858 uon
364 2803 441 2858 ruodo
454 2805 618 2876 episcopum,
631 2803 822 2858 eut‘dieconuur
834 2819 865 2857 ec
876 2803 1077 2868 subdiaconum,
1088 2803 1134 2857 sed
1145 2821 1178 2858 ue
1189 2805 1268 2858 lecto·

100 2905 158 2941 rerer
170 2889 289 2960 quidem,
307 2895 352 2943 sut
368 2890 523 2944 exorcistum
540 2890 596 2943 lieri
607 2889 704 2960 petitur
716 2904 776 2942 euru
788 2889 833 2958 qni
843 2888 937 2942 eidnec
948 2889 983 2942 sit
993 2887 1111 2942 meritus.
1136 2889 1223 2944 liedeo
1235 2890 1268 2943 ud

100 2975 216 3044 apostoli
227 2975 314 3028 locum
326 2975 400 3030 illum
412 2995 431 3031 r.
445 2975 478 3028 nd
490 2975 556 3030 lim.
569 2993 607 3030 m.
635 2974 729 3040 Quem,
745 2975 784 3028 uti
795 2973 862 3040 dixi,
877 2991 930 3027 nou
945 2973 1096 3044 negandum
1113 2983 1154 3028 est
1165 2975 1198 3028 ed
1208 2975 1268 3029 illos

99 3061 232 3130 pertinere
244 3076 347 3132 quoque
359 3061 478 3130 digamos
491 3061 536 3131 qui
546 3059 681 3130 repudiate
691 3065 824 3131 utcunque
841 3061 953 3130 coniuge
968 3075 1050 3113 nores
1067 3061 1173 3132 nupties
1189 3077 1268 3132 copu·

100 3146 193 3210 ierint,
211 3161 263 3215 qno
276 3163 356 3200 sensu
369 3145 569 3218 Chryeoetomus
581 3146 763 3216 interpretetus
775 3151 823 3200 eet.
849 3145 899 3209 Qui
911 3151 936 3198 et
946 3146 1002 3216 ipse
1014 3151 1103 3199 tumen
1113 3147 1219 3200 ulterius
1231 3147 1269 3200 di-

100 3247 244 3301 genrornm
260 3231 375 3302 generis,
393 3238 418 3285 et
436 3231 541 3302 quidem
558 3247 648 3284 eorum
666 3232 711 3301 qui
725 3237 786 3304 poet
800 3233 917 3302 priorum
934 3231 1035 3284 obitum
1046 3232 1111 3285 elius
1123 3232 1268 3299 duxissent,

100 3317 231 3370 meminit.
263 3315 329 3378 Τινὲς
348 3317 387 3386 dl,
405 3318 502 3387 inquit,
517 3317 558 3368 ἵνα
575 3315 601 3368 ἐκ
619 3318 674 3387 μιᾶς
690 3317 803 3387 γυναικὸς
815 3311 843 3388 ᾔ,
863 3315 921 3386 puel
933 3319 1007 3368 τοῦτο
1018 3313 1136 3386 εἰρῆσθαι
1157 3319 1269 3380 Quidum

99 3403 160 3454 ideo
172 3404 268 3454 dictum
280 3403 327 3455 dcc
339 3404 372 3456 oh
385 3405 497 3473 apostolo
507 3413 613 3467 censent,
625 3411 654 3454 ut
664 3403 697 3454 ob
708 3421 761 3454 oreo
772 3420 849 3454 uxore
860 3407 895 3454 ιιι
905 3403 1019 3472 (mortue
1030 3403 1147 3472 scilicet).
1167 3403 1267 3457 Clarius

98 3489 128 3540 iu
141 3493 281 3542 comment
294 3487 327 3541 ed
337 3487 425 3542 'litum
436 3488 512 3543 Hom.
525 3506 563 3554 ru,
579 3487 625 3540 ubl
641 3501 762 3540 ceresam
779 3485 845 3540 hene
862 3487 1019 3558 apostolicae
1031 3489 1173 3542 sanctionis
1185 3487 1267 3542 effert

97 3571 133 3625 ‘0
146 3571 195 3643 γὰρ
207 3571 267 3642 πρὸς
279 3571 322 3640 τὴν
335 3569 487 3625 ἀπελθοῦσιν
501 3571 619 3644 μηδεμίαν
632 3570 740 3641 φυλάξας
752 3571 845 3624 εὔνοιαν
857 3573 910 3633 πῶς
927 3569 955 3624 ἄν
968 3566 1039 3633 οὗτος
1052 3572 1147 3644 γένοιτο
1160 3573 1268 3646 προστά-

97 3675 144 3725 της
165 3657 256 3720 redde:
296 3658 348 3720 Qec
364 3659 499 3728 dejicientes
515 3661 591 3711 orori
607 3659 800 3711 benevolentium
819 3659 914 3710 nullom
930 3675 1046 3712 ece-eruere
1064 3659 1268 3730 deprehenditur,

96 3763 211 3814 qucum
219 3753 299 3814 pacto
311 3744 354 3796 bic
367 3745 490 3796 eccleeioe
497 3762 620 3815 proeesse
627 3747 740 3814 poterit!
757 3741 925 3796 Ἀπελθοῦσαν
936 3745 1050 3815 appellnt
1060 3751 1202 3810 mortuum,
1215 3761 1268 3799 nou

96 3843 162 3884 eum
178 3845 248 3900 queo
264 3829 402 3899 repudiato
419 3831 545 3893 discessit,
563 3835 593 3882 ut
609 3829 727 3900 imperite
743 3829 943 3882 iurisconsultus
959 3829 1043 3884 vertit.
1072 3829 1139 3884 Nem
1156 3837 1184 3884 et
1198 3830 1268 3901 epnd

93 3915 328 3987 Theophyleetum
345 3913 436 3968 eedem
449 3913 626 3984 chrysostomi
641 3915 722 3968 verbe
737 3915 774 3967 ite
788 3913 942 3968 redduntur:
971 3915 1022 3977 Qut
1033 3919 1098 3968 enim
1109 3917 1204 3968 nullom
1215 3935 1268 3969 ecr-

92 4005 176 4057 cavit
186 4002 381 4053 benevolentium
394 4019 457 4069 erqo
470 4019 525 4054 com
537 4019 601 4070 poue
612 4000 674 4052 odiit
684 4011 731 4054 etc.
748 3999 841 4064 'Quare
857 4000 985 4070 posteriue
1001 3999 1064 4053 illud
1080 4017 1109 4054 ec
1121 4001 1267 4072 legitimum

91 4088 269 4158 digamorum
286 4100 371 4156 genus
388 4087 421 4139 nb
439 4087 582 4156 apostolico
599 4085 644 4138 illo
662 4086 763 4138 decreto
780 4101 915 4156 nunquam
930 4085 1130 4156 Chrysoetomus
1147 4087 1267 4141 exclusit.

90 4173 176 4226 Unus
188 4171 379 4236 Theodoretus,
398 4171 466 4241 quod
477 4171 552 4225 uelde
569 4172 657 4236 miror,
674 4169 744 4224 solos
762 4170 893 4240 digamos,
911 4171 955 4242 qui
972 4171 1059 4242 plures
1076 4173 1154 4226 simul
1171 4187 1266 4226 uxores

88 4259 241 4322 haberent,
259 4258 293 4311 ub
310 4259 428 4328 apostolo
446 4257 594 4328 repudiatos
611 4257 707 4309 sentire
723 4257 831 4310 ridetur.
865 4255 896 4309 ln
916 4273 967 4327 quo
989 4257 1131 4311 audiendus
1148 4274 1202 4311 nou
1219 4265 1267 4324 est,

86 4344 239 4413 multoque
256 4343 346 4396 minus
361 4342 495 4407 heeretici,
513 4343 552 4394 nti
569 4341 638 4395 Bere
654 4343 801 4413 caeterique
819 4341 907 4412 quiin
924 4343 1074 4412 epoetolicie
1090 4343 1176 4400 rerbls
1193 4359 1266 4416 pree-

86 4433 208 4500 eeptum
220 4429 346 4482 contineri
357 4432 462 4499 putent,
479 4427 548 4498 quod
563 4427 664 4480 nullum
681 4426 715 4480 ed
727 4429 916 4498 episcopatum,
934 4427 985 4481 nisi
1001 4443 1084 4482 uxore
1101 4429 1190 4496 ducto,
1206 4445 1266 4502 pro·

84 4514 203 4574 moveri
214 4513 354 4586 permittet.
378 4513 451 4579 Quod
461 4511 614 4568 iamdudum
624 4511 833 4584 'l’heophyluctus
844 4511 945 4566 retollit

1022 4615 1064 4673 U.
