3126 5046
280 319 396 378 GGLXX

279 477 387 532 (loncilii
399 476 572 547 Aquileiensis
584 477 618 530 ad
630 477 794 541 Gratianum,
807 476 935 530 Valentio.
948 481 974 530 et
985 475 1161 532 Theodosium
1173 477 1235 548 imp.
1247 476 1404 532 Ambrosios
1416 491 1446 530 ac

279 563 374 616 caeteri
385 563 501 633 episcopi
512 563 550 616 ita
561 563 611 615 snb
623 562 702 616 finem
715 563 884 632 scripserunt:
909 561 1076 615 Plotinianos
1092 581 1197 634 qnoque,
1215 581 1276 634 quos
1285 572 1310 616 ec
1319 567 1448 633 apertori

279 649 333 716 lege
345 653 477 700 reticulatis
489 650 668 716 oclloesocerc
687 649 777 701 debere
794 659 940 712 concentus,
954 657 1034 718 prout
1049 653 1102 701 lom
1120 659 1145 702 et
1160 651 1321 702 sacerdotum
1339 650 1447 702 concilio

278 739 402 786 sententia
418 738 445 785 in
462 751 503 786 eos
519 735 574 786 luta
590 743 634 788 eet.
659 735 771 786 Petimus
782 737 893 803 insuper,
905 743 933 784 ret
943 737 1058 802 quereiam
1071 737 1098 786 ιιι
1108 735 1243 787 Sirmiensi
1254 737 1349 804 oppido
1362 733 1447 788 adhuc

279 828 413 872 concentor
425 828 521 872 tentore
533 837 574 871 eoa
586 823 754 886 ceptronimus,
768 821 900 872 clementia
912 829 997 872 cestro
1010 829 1056 873 etc.

346 901 451 974 Ἀνναίῳ
464 905 571 972 διακόνῳ
582 909 627 956 τοῦ
640 903 779 973 βασιλέως]
800 904 908 958 Videtur
920 903 1046 956 Buecheler
1058 905 1109 975 leg.
1143 904 1194 958 Sed
1205 905 1324 959 nonnihil
1335 895 1447 975 snspen-

279 1006 322 1042 sos
334 1005 382 1043 nos
395 996 478 1054 tenet,
490 989 559 1059 qnod
571 988 612 1042 hic
625 989 715 1042 Basilii
726 989 851 1044 diacorm
864 991 1014 1060 appelletur,
1026 990 1151 1043 nimirum
1163 991 1306 1060 Ancyrani,
1318 992 1365 1061 qni
1377 995 1447 1044 acto·

278 1075 314 1128 ris
326 1081 411 1145 partes
423 1075 580 1140 sustinebat,
592 1091 621 1128 ac
635 1075 743 1145 proinde
755 1082 891 1145 suspectus
904 1092 962 1129 esse
973 1073 1084 1128 Photino
1096 1075 1221 1130 diaconos
1235 1077 1306 1129 illius
1317 1081 1429 1146 poterat.

346 1158 507 1230 Καλλικράτει
515 1158 678 1230 laesissem]
696 1157 1133 1232 'Erapporpraefectnmpraetorio
1144 1161 1285 1232 significat.
1304 1161 1446 1215 (domarius

278 1263 339 1300 rere
347 1249 494 1316 praecidere
506 1245 598 1298 reddit
622 1245 779 1300 Crediderim
789 1246 949 1316 preelectum
961 1247 1088 1316 praeterio
1099 1247 1195 1316 lllyrici
1206 1247 1296 1301 fuisse.

346 1331 392 1383 liet
404 1331 525 1402 Baccheirp
538 1331 716 1402 prpopsblorc]
735 1331 856 1384 Fortasse
869 1331 1025 1403 prpopapiocr
1038 1333 1114 1402 quasi
1125 1337 1289 1386 memorarint
1300 1337 1390 1397 vocet,
1401 1331 1446 1402 qui

278 1423 339 1471 sunt
350 1419 519 1482 memoriales,
532 1433 642 1487 qnorum
653 1417 785 1488 proprium
798 1431 893 1471 munus
906 1423 962 1470 erat
969 1417 1041 1487 leges
1051 1423 1077 1471 et
1084 1417 1210 1488 rescripte
1219 1419 1339 1488 excipere
1349 1433 1379 1471 ac
1389 1435 1446 1488 per·

278 1503 397 1556 scribere.
421 1502 499 1556 Aliud
511 1509 551 1556 est
562 1501 738 1573 μεμοριφύλαξ
750 1508 775 1556 et
787 1501 918 1574 pepoplcqc
931 1503 957 1556 iu
969 1503 1079 1556 concilio
1092 1502 1333 1568 chalcosthenes,
1344 1501 1395 1556 hoe
1407 1509 1447 1557 est
1550 1529 1551 1570 ,

279 1583 329 1640 ὄιν
342 1587 466 1659 μεμοριοις
478 1591 608 1652 κατοικῶν,
626 1589 671 1658 qui
689 1588 722 1642 ad
738 1590 880 1642 memorias
896 1595 1041 1658 martyrum
1058 1593 1084 1641 et
1099 1589 1127 1642 in
1145 1589 1261 1642 ecclesiis
1277 1588 1376 1642 ibidem
1395 1589 1446 1643 col·
1550 1589 1551 1592 ’

278 1674 369 1727 locatis
381 1671 488 1728 habitat.

346 1759 473 1830 Noraplorr
485 1764 529 1811 τοῦ
542 1757 688 1827 hostisiam]
721 1759 791 1813 Gorr.
804 1759 932 1828 βασιλέως.
967 1759 1120 1812 Habuerunt
1136 1765 1224 1814 umen
1241 1760 1269 1812 in
1285 1759 1404 1812 conciliis
1423 1763 1446 1812 et

279 1844 395 1915 episcopi
406 1845 522 1898 notarios
533 1861 596 1898 suos
612 1851 689 1915 atque
702 1851 854 1916 exceptores
866 1861 897 1898 ae
908 1844 990 1898 ferme
1003 1845 1137 1910 diaconos,
1149 1849 1179 1898 nt
1190 1861 1224 1898 ex
1234 1843 1355 1898 Ghalcsd.
1365 1843 1445 1898 (lenc.

278 1935 390 1983 constat
425 1929 477 1982 Sed
494 1937 521 1982 et
536 1930 605 2000 apud
618 1932 728 2000 August.
742 1931 786 1984 lib.
796 1948 836 1985 nr.
850 1935 940 1984 contra
958 1929 1089 1985 Greecent.
1102 1945 1159 2001 cap.
1170 1947 1242 1984 mx.
1254 1931 1281 1983 in
1298 1929 1366 1982 actis
1383 1946 1445 1982 con·

278 2016 408 2068 sularibus
421 2015 470 2068 snb
482 2013 636 2085 zenophilo,
648 2015 824 2070 Nundinarins
836 2015 936 2069 Silvani
946 2013 1086 2070 Cirtheusis
1096 2015 1249 2069 Donatistae
1260 2014 1387 2069 diaconm
1400 2031 1445 2069 ex·

279 2105 366 2170 ceptor
379 2100 480 2154 dicitur.

504 2254 549 2310 AD
567 2254 740 2310 HAERESIM
756 2255 874 2321 cxxii,
891 2254 1215 2310 MARCELLIANORUM.

346 2355 377 2413 N.
389 2375 418 2412 ιι.
437 2355 597 2428 Ἀντιγραφον
606 2355 755 2427 lacessitis]
773 2357 859 2412 Edidit
867 2356 935 2411 hano
943 2357 1004 2412 fidei
1016 2357 1204 2428 professionem
1213 2357 1361 2422 Marcellus,
1373 2363 1443 2428 post·

279 2459 358 2514 qnam
370 2444 403 2496 ab
415 2443 519 2496 Arianis
531 2443 592 2496 sede
603 2457 652 2496 sos
662 2443 754 2514 pulsus
765 2443 876 2511 Romam
892 2443 925 2496 ad
936 2444 1031 2497 lulium
1048 2459 1143 2515 papam
1162 2441 1291 2513 confugit,
1309 2443 1342 2496 ab
1361 2459 1442 2514 coque

279 2545 332 2584 nna
343 2545 403 2582 cum
415 2528 556 2582 Athanasio
569 2529 702 2582 restitutus
714 2534 761 2582 est
786 2528 850 2582 Vide
862 2529 976 2582 Annales
988 2528 1083 2582 baron.
1096 2545 1120 2581 a
1133 2543 1240 2582 cooxur.
1276 2527 1327 2592 Qui
1344 2529 1377 2582 de
1394 2527 1443 2582 hon

278 2615 336 2686 ipso
348 2615 435 2668 libello
448 2615 561 2680 dubitat,
572 2614 629 2667 isne
642 2614 677 2668 sit
688 2630 766 2684 quem
777 2614 843 2667 lulio
856 2619 912 2668 tum
925 2615 1030 2678 obtulit,
1042 2631 1102 2668 cunr
1113 2615 1140 2667 in
1153 2630 1183 2667 eo
1195 2614 1268 2667 nulla
1278 2615 1314 2668 sit
1324 2617 1370 2666 τοῦ
1383 2611 1442 2685 cipe-

279 2699 362 2752 cncloo
373 2701 480 2754 mentio.
500 2701 598 2753 Verum
609 2717 662 2753 non
675 2715 778 2770 semper
789 2700 816 2752 in
828 2698 970 2754 catholicae
982 2699 1043 2752 fidei
1053 2699 1274 2770 professionibus,
1285 2705 1332 2752 ant
1343 2701 1372 2753 iu
1384 2717 1441 2753 con·

277 2786 410 2840 vincendis
421 2785 572 2850 haereticis,
588 2786 685 2838 recenti
696 2783 779 2838 adhue
790 2785 818 2838 in
830 2785 943 2838 Nicasno
955 2785 1079 2850 concilio,
1095 2789 1195 2838 tessera
1210 2784 1255 2837 illa
1266 2784 1340 2850 fidei,
1356 2801 1387 2838 ac
1399 2789 1441 2837 τοῦ

279 2868 412 2940 dpoonnlon
424 2873 493 2924 clara
504 2878 532 2924 et
542 2871 636 2924 diserta
647 2871 777 2924 confessio
789 2871 892 2924 solebat
902 2871 983 2940 exigi.
1018 2870 1145 2940 Exemplo
1157 2871 1192 2923 sit
1203 2869 1302 2922 Ursacii
1313 2875 1340 2922 et
1348 2869 1441 2924 Valen-

278 2957 312 3010 tis
324 2957 434 3010 Asiam
445 2957 566 3010 fectionis
578 2957 723 3027 principum
735 2956 851 3020 libellus,
864 2971 941 3025 quem
953 2955 1017 3008 lulio
1029 2971 1112 3026 papae
1125 2955 1285 3020 obtulerunt,
1303 2971 1355 3025 quo
1368 2963 1395 3008 et
1405 2972 1441 3008 er·

278 3043 344 3095 roris
353 3043 395 3096 sui
403 3043 506 3094 reniam
515 3041 644 3111 deprecati
652 3049 721 3106 sunt,
733 3046 760 3094 et
768 3041 828 3093 Ario
838 3040 961 3094 damnato
974 3039 1127 3094 catholicam
1136 3039 1214 3094 fidem
1226 3039 1347 3111 professi.
1364 3039 1441 3094 llatat

279 3127 347 3198 apud
362 3125 528 3181 Athanasium
542 3127 615 3196 Apol.
629 3143 656 3180 n.
691 3126 720 3179 ln
738 3142 768 3179 eo
781 3141 842 3178 vero
854 3126 886 3179 de
899 3123 1025 3196 Apcoueicp
1037 3128 1146 3180 verbum
1157 3127 1266 3180 nullum.
1301 3125 1369 3179 Nam
1380 3127 1441 3178 etin

279 3213 387 3266 concilio
396 3213 569 3282 Aquileiensi,
581 3213 608 3264 in
619 3227 670 3282 qno
680 3211 811 3266 adnitente
817 3211 955 3264 Ambrosio
964 3211 1094 3264 Palladius
1104 3217 1130 3263 et
1138 3209 1318 3265 secundianus
1327 3211 1441 3281 episcopi

279 3298 395 3350 damnati
405 3303 480 3362 snut,
491 3313 550 3350 curn
562 3303 617 3350 tam
629 3297 744 3350 studiose
755 3297 781 3350 id
793 3303 882 3367 ageret
891 3297 1057 3362 Ambrosius,
1069 3303 1099 3350 ut
1110 3297 1143 3350 ab
1155 3297 1188 3349 iis
1200 3295 1324 3350 indicium
1337 3295 1441 3365 aliquod

279 3383 390 3435 Arianae
402 3383 569 3453 professionis
582 3383 697 3448 eliceret,
708 3383 818 3453 ideoque
830 3383 908 3435 variis
921 3382 1169 3453 interrogationibus
1181 3381 1332 3444 lacesseret,
1343 3381 1440 3434 nnllam

280 3468 505 3521 consubstantialis
517 3468 675 3521 mentionem
687 3469 781 3537 attigit,
794 3467 839 3520 sed
851 3467 913 3522 baec
925 3472 1027 3520 tanturn
1040 3467 1196 3531 communia,
1209 3465 1301 3536 ecquid
1312 3465 1384 3519 filins
1395 3466 1440 3518 im·

278 3554 404 3618 mortalis,
416 3554 501 3606 bonus
513 3569 542 3606 ac
554 3569 630 3606 verus
643 3559 720 3617 esset,
732 3569 762 3606 ae
774 3553 874 3622 reliqua
886 3554 990 3623 generis
1002 3553 1126 3607 eiusdem.
1146 3551 1295 3616 Quinetiam
1307 3551 1440 3604 Athanasii

194 3681 199 3693 .
246 3681 252 3694 .
278 3640 427 3710 symbolum
437 3655 497 3691 cum
506 3640 541 3692 sit
549 3639 676 3708 quaedam
684 3637 746 3692 fidei
754 3639 883 3710 expositio
896 3639 929 3692 ab
942 3655 973 3691 eo
985 3637 1066 3703 edita,
1078 3639 1123 3708 qni
1134 3638 1163 3688 τι
1173 3635 1305 3707 bpccdcrco
1318 3637 1440 3691 acerrime

278 3731 466 3796 propugnaret,
479 3723 594 3778 eiusdem
604 3723 724 3777 vocabuli
735 3725 894 3778 mentionem
907 3725 1002 3778 omisit

346 3809 377 3865 N.
391 3828 415 3864 ι.
439 3808 502 3861 Ὗιιι
515 3807 542 3861 δὲ
554 3805 639 3860 ἄλλων
651 3807 743 3876 πάλιν]
779 3809 915 3879 Utcunque
932 3810 1005 3862 licuit
1016 3827 1050 3862 ex
1062 3807 1256 3879 corruptissimo
1268 3808 1327 3861 loco
1339 3813 1439 3862 senten

278 3897 341 3950 tiam
353 3895 511 3949 extudimos.
534 3895 573 3948 De
584 3893 625 3947 his
637 3899 738 3958 autem,
751 3911 815 3964 quos
826 3896 958 3960 nominat,
971 3895 1078 3960 Acacio,
1091 3892 1201 3958 Basilio,
1214 3892 1328 3962 Georgio
1342 3909 1372 3946 ac
1384 3893 1439 3946 reli·

278 3983 349 4050 quis,
361 3988 453 4052 agetru
464 3981 492 4033 in
504 3981 623 4050 sequenti
635 3979 735 4034 haeresi
746 3980 872 4050 pluribus.

345 4066 375 4121 N.
385 4085 420 4121 vr.
452 4065 536 4117 Ταῦτα
549 4063 592 4134 μὲν
605 4059 647 4116 οὖν
660 4063 699 4116 και
712 4061 741 4116 rh
753 4067 873 4132 τοιαῦται]
904 4066 1020 4119 Asterius
1039 4065 1155 4136 sophista
1172 4063 1347 4118 Christianam
1363 4065 1439 4118 fidem

277 4151 413 4221 amplexus
426 4151 552 4204 nonnulla
564 4150 701 4220 scripserat
712 4151 823 4203 Adanae
835 4149 958 4220 perfidiae
971 4157 1152 4205 consentanea.
1176 4149 1248 4212 Quae
1260 4165 1320 4202 cum
1331 4149 1437 4204 refutas-

278 4241 318 4288 set
329 4237 480 4300 Marcellus,
497 4237 601 4305 longius
618 4235 738 4305 progredi
755 4242 781 4288 et
792 4236 820 4288 in
831 4235 1006 4289 Sabellianam
1019 4235 1146 4288 haeresim
1158 4235 1299 4289 desciscere
1308 4235 1381 4290 mens
1391 4239 1437 4288 est

278 4319 350 4383 Quae
362 4323 450 4374 omnia
461 4321 640 4390 copiosissime
651 4319 731 4374 habes
742 4321 770 4373 in
781 4302 874 4374 Annal'.
886 4321 1035 4374 Ecclesiast.
1046 4322 1173 4391 exposita

345 4405 376 4460 N.
388 4423 414 4460 ι.
436 4402 652 4476 Kclrpeccbrqcl
688 4407 849 4474 Defensores
866 4405 1032 4460 reddidimus.
1067 4405 1134 4460 Nam
1142 4408 1290 4476 praesr’ders
1306 4421 1367 4460 cunr
1379 4405 1437 4459 cor·

277 4491 350 4544 nario
361 4491 525 4560 interpretari
536 4507 589 4544 non
600 4491 694 4560 placet.
712 4489 867 4544 rotantem
877 4491 997 4544 defensor
1005 4509 1058 4545 non
1068 4491 1173 4556 ordinis,
1185 4490 1231 4544 sed
1244 4490 1326 4545 oflicii
1335 4507 1436 4554 nomm,

278 4573 347 4646 quod
358 4573 429 4630 Laici
441 4575 577 4643 gerebant,
595 4576 640 4644 qni
657 4577 781 4630 ecclesias
792 4576 851 4629 iura
862 4577 889 4630 in
901 4576 971 4629 cirili
981 4577 1038 4630 foro
1050 4577 1259 4648 propugnabant.
1294 4575 1436 4630 (lencilism
