3166 5044
290 263 348 323 nvt

291 419 382 490 εἴρηται
393 417 506 488 οάββαια
517 417 657 491 σαββάτων,
669 417 750 488 ἐπειδὴ
762 416 813 472 ἔσθ’
825 417 866 472 ὅτε
876 419 893 487 ἧ
903 419 920 486 ἡ
932 418 996 490 ἀρχὴ
1008 423 1050 487 τῆς
1062 420 1232 491 πανηγύρεως,
1245 419 1304 488 siris
1314 419 1388 482 τάλος
1399 437 1461 472 σνν-

292 505 375 558 ἑπιπτε
383 508 420 574 τῷ
430 507 471 571 τῆς
481 503 618 575 ἑβδομάδος
627 503 753 576 σαββάτῳ.
771 505 825 559 Neo
836 505 923 559 minus
934 504 1109 560 halluoinatus
1120 513 1161 560 est
1169 506 1246 571 Suel,
1256 506 1303 576 qui
1313 507 1331 560 Ι,
1340 524 1373 560 ιιι
1384 506 1460 576 Ing.

292 590 354 646 Gan.
369 590 497 644 Isidorum
517 591 596 644 refert
609 591 749 645 sabbatum
769 592 966 662 διυτεράπρωιον
987 592 1089 662 opinari
1103 591 1207 646 tertium
1222 607 1280 646 esse
1296 592 1462 662 Διγιινοιιιιι

291 676 368 730 diem.
386 675 450 730 Nem
464 676 558 730 diserte
568 678 680 748 primam
692 678 851 746 Asymornm
862 676 952 730 definit
961 677 1088 743 isidorus,
1101 677 1242 731 seeundum
1250 693 1312 731 vero
1324 675 1462 732 offerendo

292 778 420 816 noverum
431 762 538 832 trogum
549 763 682 834 manipulo
699 762 845 827 constituit,
862 777 941 832 quum
957 763 1061 816 tertium
1076 777 1093 816 s
1108 761 1234 816 Pssoltate
1245 767 1333 827 voest,
1351 763 1391 818 uts'
1406 763 1463 834 pri·
1564 829 1565 832 γ

292 864 362 902 mam
371 847 538 916 Azymorum,
551 865 629 919 quam
642 853 668 902 et
680 849 877 918 δεοτερόπρωτον
889 848 1015 914 nominet,
1026 848 1176 904 secundem.
1194 848 1224 902 si
1232 848 1337 918 quidem
1345 845 1464 901 Pascha-

292 935 326 987 tis
337 933 450 1004 primam
462 931 530 986 diem
541 939 625 988 totum
637 935 721 1004 ipsein
733 933 894 988 Parssoeuen
906 934 1028 1005 appellat,
1040 934 1114 988 onius
1126 933 1399 1004 sdrespersmagnus
1411 935 1463 988 inr-
1564 995 1565 998 γ

291 1020 447 1072 molebatur.
469 1018 592 1072 Proxime
604 1024 644 1073 est
656 1017 834 1089 chrysostomi
845 1020 980 1073 sententia
1005 1019 1053 1074 idio
1064 1019 1153 1074 homil.
1166 1037 1258 1074 mix.
1271 1021 1298 1073 in
1309 1018 1418 1084 uuest„
1432 1017 1464 1072 Ti

294 1105 322 1156 δέ
332 1103 395 1174 ἐστι,
412 1105 510 1175 inquit,
527 1105 737 1176 &suseptrrpusrosq
754 1101 812 1158 ὅταν
829 1103 902 1171 διπλῆ
919 1103 934 1170 ἡ
951 1103 1024 1175 ἀργία
1040 1099 1056 1176 ᾖ
1073 1104 1112 1158 καὶ
1124 1109 1168 1158 τοῦ
1181 1103 1305 1174 σαββάτου
1317 1109 1362 1157 τοῦ
1374 1104 1464 1174 zopioo
1564 1129 1565 1172 j

270 1197 273 1202 '
293 1189 334 1242 aral
343 1188 424 1260 ἑτέρας
434 1187 518 1259 ἑορτῆς
528 1189 709 1261 διαδεχομένης.
722 1188 850 1258 Σάββατον
860 1186 907 1260 γάρ
918 1187 1021 1256 testerepo
1030 1187 1117 1260 ἀργίαν
1126 1189 1236 1243 καλοῦσι.
1249 1191 1419 1244 Maidonatus
1429 1189 1465 1244 ad
1564 1195 1565 1248 l

293 1274 385 1330 lliatth.
397 1293 444 1330 xrs.
461 1275 676 1345 Chrysostomum
691 1276 857 1329 existimasse
874 1275 964 1329 scribit
979 1276 1118 1330 sabbatum
1133 1277 1381 1347 seeundo-primum
1393 1289 1464 1341 esse,
1564 1263 1565 1334 ἦ

294 1361 364 1431 quod
375 1362 495 1432 proxime
507 1366 656 1431 sequeretur
667 1361 764 1414 festum
776 1361 896 1431 aliquod,
912 1361 982 1430 quod
998 1362 1026 1414 in
1043 1361 1135 1415 feriam
1147 1380 1181 1415 vr.
1193 1362 1334 1416 incidisset.
1361 1362 1466 1416 Verum

295 1439 459 1500 econtrsrio¹
472 1447 610 1500 sabbatum
626 1447 689 1500 iltnd
706 1463 763 1500 esse
779 1452 868 1500 censet
884 1445 1085 1516 Chrysostomus
1102 1447 1172 1516 quod
1187 1447 1284 1502 festum
1300 1447 1372 1501 atiud
1388 1453 1466 1502 ante

295 1531 375 1595 cedit,
392 1531 418 1583 id
434 1532 503 1601 quod
520 1532 619 1586 Graeca
636 1533 682 1586 ills
698 1533 888 1596 demonstrent,
904 1529 944 1583 sot
962 1529 1043 1602 ἐτέρας
1061 1529 1145 1602 ἑορτῆς
1161 1533 1342 1604 διαδεχοράνηα
1373 1532 1466 1597 Quon-
1564 1601 1565 1604 γ

209 1639 230 1676 n
238 1627 269 1668 es
296 1633 375 1687 quarn
387 1616 500 1687 Theoph.
513 1617 546 1670 sd
558 1617 620 1672 Luo.
634 1633 690 1687 cap.
701 1637 736 1670 vr.
748 1616 927 1686 Chrysostomi
943 1619 1099 1672 sententiam
1115 1619 1206 1672 eodem
1223 1635 1275 1688 quo
1291 1617 1465 1672 Meldonatus
1564 1671 1565 1682 ,

295 1702 373 1756 modo
390 1703 549 1756 intellexisse
566 1703 675 1768 ridetur,
692 1703 727 1767 si,
744 1704 783 1756 uti
794 1703 872 1772 solet,
890 1702 1104 1772 Chrysostomum
1116 1710 1221 1757 secutos
1232 1709 1280 1758 est.
1306 1703 1411 1757 Tertius
1424 1711 1468 1756 est

295 1787 456 1860 Epiphanius
469 1793 569 1852 noster;
582 1805 658 1858 qoem
671 1789 761 1842 eodem
772 1789 829 1842 looo
839 1787 1004 1844 Msldoustus
1013 1789 1106 1842 asserit
1113 1789 1253 1842 sabbatum
1262 1789 1466 1858 δεντιράπρωτον

296 1875 418 1928 statuisse
433 1891 487 1928 vru.
506 1875 574 1927 diem
592 1876 759 1943 Azymorum.
788 1874 839 1926 Sed
856 1873 905 1926 hoo
925 1873 1028 1943 quidem
1045 1875 1104 1928 loeo
1120 1875 1199 1944 longe
1216 1873 1286 1926 aliod
1307 1873 1385 1927 dooet
1403 1873 1466 1944 spi·

295 1959 416 2030 pharius.
442 1959 545 2012 Etenim
557 1959 695 2012 sabbatum
712 1959 788 2023 illud,
805 1959 875 2029 quod
891 1960 924 2012 ab
935 1959 1093 2028 Anymorum
1104 1961 1189 2030 prims
1200 1959 1240 2012 die
1251 1960 1403 2030 proximum
1415 1965 1466 2024 est,

297 2046 494 2115 teorsptrrporos
512 2046 651 2098 sabbatum
669 2045 720 2098 diei
737 2049 819 2114 putat.
859 2045 894 2096 At
915 2043 1015 2098 haeresi
1032 2063 1067 2100 nr.
1087 2045 1162 2099 Nom.
1179 2063 1252 2098 ιιιι.
1270 2045 1345 2100 aliter
1362 2045 1467 2110 statuit,
1564 2053 1565 2092 i

296 2133 401 2184 tametsi
413 2131 568 2200 perobscura
580 2131 701 2200 loquitur.
728 2131 768 2182 lbi
784 2129 854 2184 enim
870 2145 930 2182 oum
948 2131 1045 2202 duplex
1061 2131 1165 2184 sabbsti
1177 2146 1260 2200 genus
1272 2145 1332 2184 esse
1343 2130 1466 2194 dixisset,
1564 2189 1565 2200 γ

297 2219 408 2270 alterum
424 2215 655 2269 hebdomadarium
672 2221 698 2268 st
714 2217 862 2285 antiquum,
883 2216 953 2286 quod
970 2220 1068 2287 πρῶτον
1084 2223 1172 2281 voest,
1189 2217 1300 2269 altorum
1315 2216 1468 2285 legitimum
1564 2259 1565 2264 ,

298 2303 353 2356 sive
365 2301 499 2365 festivum,
516 2302 585 2371 quod
598 2301 708 2372 δεύτερον
720 2307 809 2372 putet,
826 2302 972 2354 cuiusmodi
982 2303 1140 2370 Asymorum
1157 2301 1211 2354 dies
1227 2301 1290 2366 fuit,
1307 2301 1387 2372 penio
1405 2306 1468 2371 post

299 2387 370 2440 sddit
387 2387 497 2458 δεύτερον
514 2387 578 2440 illud
594 2387 621 2439 in
639 2392 738 2456 septem
754 2389 899 2440 revolutum
916 2387 1042 2457 appellari
1057 2389 1164 2457 πρῶτον.
1192 2385 1243 2439 Ubi
1257 2387 1360 2440 nesciae
1376 2393 1468 2440 utrum
1564 2371 1565 2390 ¹

298 2475 455 2542 Arpinorum
469 2491 514 2527 vu.
533 2472 601 2525 diem
618 2472 757 2526 sabbatum
773 2473 969 2543 ὀευτιρόπρωτον
990 2487 1048 2526 esse
1068 2472 1186 2537 deliniat,
1206 2487 1241 2526 sn
1259 2471 1357 2525 festum
1377 2472 1468 2542 ipsum
1564 2461 1565 2516 ἐ

298 2561 477 2624 Pentecostes,
490 2559 557 2628 qnod
571 2564 597 2610 et
609 2558 773 2612 litaldonstos
786 2559 894 2610 caeteris
906 2559 1026 2612 omnibus
1037 2558 1161 2629 prsetert3
1177 2558 1209 2611 de
1226 2573 1277 2627 quo
1294 2573 1342 2610 suo
1356 2557 1416 2610 looo
1429 2557 1468 2610 di·
1564 2573 1565 2624 ζ

299 2661 398 2700 cemus.
418 2645 472 2698 ism
483 2661 543 2696 vero
555 2645 642 2698 nullus
651 2645 754 2714 proprie
763 2643 920 2712 dsymorurn
930 2645 985 2698 dies
993 2661 1050 2698 vrri.
1061 2644 1123 2708 init,
1136 2659 1196 2698 oum
1208 2643 1315 2696 celebris
1326 2643 1386 2712 ipss
1397 2643 1469 2696 intra
1564 2701 1565 2720 γ

299 2737 421 2802 septenos
434 2731 488 2782 dies
500 2731 611 2795 steterit,
629 2737 658 2782 ut
675 2747 707 2782 ex
725 2711 807 2783 Le'rit
820 2747 909 2794 mm,
927 2735 954 2782 et
969 2730 1051 2787 Exod.
1064 2747 1110 2784 ιιι.
1122 2734 1233 2784 constat.
1259 2727 1314 2782 Nisi
1329 2726 1411 2791 forts,
1428 2728 1469 2780 nti

298 2817 431 2871 Paschstis
450 2821 507 2868 octo
524 2816 578 2869 dies
594 2815 724 2868 interdum
741 2817 870 2868 numerari
887 2817 982 2879 solent,
1003 2831 1034 2868 eo
1052 2815 1120 2884 qdod
1137 2815 1281 2868 parasceue
1297 2815 1368 2884 ipss,
1389 2815 1468 2866 euius
1564 2859 1565 2880 ,

300 2903 349 2955 sub
362 2918 497 2972 vesperam
510 2918 595 2970 agnos
607 2903 767 2966 immolatur,
780 2902 880 2971 primus
891 2900 1025 2954 Paschstis
1037 2901 1092 2953 dies
1104 2899 1223 2964 hebetur,
1239 2899 1309 2969 qnod
1319 2915 1353 2952 ex
1365 2898 1467 2952 Isidoro
1564 2907 1565 2976 J

300 3003 380 3057 suprs
390 2987 553 3051 monuimus,
565 2988 603 3039 sio
614 2988 693 3040 etiam
716 2987 874 3056 Azpmorum
885 2987 969 3058 prims
981 2986 1035 3039 dies
1048 2985 1138 3038 endem
1149 2987 1195 3039 ilis
1205 2985 1349 3040 Parasceue
1359 2999 1468 3038 masea-
1564 2989 1565 3060 ζ

300 3077 350 3126 tur.
377 3071 434 3135 Qua
449 3073 549 3125 ratione
566 3071 667 3142 loseph.
685 3073 728 3126 lib.
741 3090 769 3126 rr.
787 3073 858 3142 Orig.
872 3089 929 3142 oap.
938 3092 962 3126 ν.
974 3072 1132 3141 Αιγιιιοιινιιι
1142 3071 1239 3124 festum
1251 3071 1343 3124 diebus
1354 3087 1411 3123 vni.
1424 3086 1468 3123 oe·
1564 3083 1565 3144 γ

300 3157 397 3210 lebrari
405 3157 479 3210 dixit.
499 3157 564 3209 lllnd
574 3157 718 3210 Meldonsti
729 3158 792 3210 sotis
804 3158 893 3212 mirsri
904 3175 957 3211 non
965 3173 1082 3228 possum,
1094 3158 1163 3227 qood
1172 3157 1204 3210 de
1213 3156 1303 3210 eodem
1313 3156 1468 3225 quaestione

302 3257 336 3296 ex
348 3259 396 3295 sos
408 3243 528 3311 opinione
540 3243 585 3296 illo
598 3243 624 3295 in
636 3243 692 3296 ioco
705 3243 815 3297 disserit
841 3241 945 3296 Rolellit
956 3243 1026 3296 eninr
1037 3241 1176 3314 Epiphanii
1187 3241 1349 3311 eliorumque
1360 3246 1468 3296 senten·
1564 3231 1565 3256 ³

302 3329 378 3393 tiam,
390 3331 432 3396 qut
442 3328 574 3380 sabbatum
586 3331 812 3398 seeundo-primum
825 3332 890 3382 diens
902 3330 1009 3398 aliquem
1020 3329 1170 3402 stupratorem
1181 3331 1390 3397 interpretantur.
1408 3327 1468 3379 Nee
1564 3379 1565 3396 γ

303 3417 367 3466 enim
384 3415 425 3465 die
437 3431 480 3468 xv.
494 3423 539 3465 aut
549 3431 593 3466 xx.
605 3414 700 3466 Martii
712 3419 802 3484 spicae
818 3423 935 3466 maurae
951 3431 1003 3466 esse
1016 3423 1160 3484 potueruut.
1191 3413 1265 3474 Quod
1280 3415 1344 3464 entia
1361 3415 1467 3481 quidest

303 3501 500 3561 adnotaverunt,
516 3501 544 3550 e'n
559 3499 710 3552 Palaestina
728 3517 755 3552 eo
773 3509 882 3569 tempore
895 3507 1002 3569 propter
1013 3499 1177 3552 vehementem
1195 3499 1304 3550 satorem
1316 3507 1412 3566 seqetes
1428 3515 1468 3550 so·
1564 3487 1565 3538 l

303 3586 365 3637 litos
383 3592 564 3648 maturescere,
580 3587 669 3653 fictum
692 3603 744 3638 ease
765 3587 885 3640 arbitror.
923 3585 993 3638 Nam
1003 3590 1097 3654 festum
1116 3587 1302 3655 primitivorum
1322 3583 1470 3638 ceteoraur
1564 3627 1565 3636 ,

302 3673 505 3740 quinquepese'mo
515 3671 555 3720 die
560 3679 620 3738 post
627 3670 741 3734 Pusula,
753 3673 897 3723 celebratur
905 3682 986 3724 autem
996 3672 1071 3723 αἰνναΙ
1081 3680 1155 3738 aeque
1161 3669 1315 3740 primosale
1325 3672 1354 3720 e'n
1364 3685 1468 3722 semen
1564 3665 1565 3668 '

302 3757 455 3808 statuebatur.
473 3755 532 3806 Non
544 3773 603 3822 erqo
610 3765 732 3825 poterunt
741 3760 840 3824 infesto
851 3757 1011 3824 Asymorum,
1024 3757 1054 3808 a'd
1062 3765 1098 3808 est
1106 3759 1289 3824 quinquaqinta
1302 3763 1360 3806 ante
1370 3755 1468 3818 diebus,
1564 3775 1565 3778 ¹

302 3851 396 3910 sepetes
408 3858 460 3893 esse
471 3849 596 3893 maturae.
622 3841 691 3894 Hseo
706 3842 758 3894 ille.
785 3841 871 3911 Negat
885 3842 973 3911 itsqus
989 3841 1054 3911 ipsis
1066 3841 1225 3909 Azymorum
1241 3839 1333 3892 diebus
1349 3845 1467 3892 matures
1564 3831 1565 3852 ’

302 3925 383 3979 inisse
395 3930 510 3996 segetes,
523 3943 583 3978 oum
595 3927 813 3996 quinquagesimo
824 3927 937 3996 primum
948 3933 1041 3996 postes
1052 3926 1093 3979 die
1104 3925 1198 3978 islosnr
1209 3924 1372 3978 immiserint.
1394 3924 1468 3989 Quae
1564 3979 1565 3988 ,

305 4012 407 4080 quidem
419 4029 473 4064 non
485 4012 552 4064 salso
565 4017 666 4064 tanturn
678 4011 759 4076 diets,
771 4012 816 4064 sed
829 4017 855 4063 et
866 4011 1014 4081 Soriptnrse
1027 4011 1164 4065 meniteste
1176 4011 1306 4064 contraria
1316 4014 1386 4064 sunt.
1404 4009 1468 4074 Quis
1564 4037 1565 4040 ι

304 4097 387 4148 nesoit
406 4097 519 4150 secunde
536 4098 693 4166 Arymoruru
713 4097 754 4149 dio
774 4113 900 4150 novarum
919 4097 1026 4168 frugum
1045 4097 1209 4166 manipulum
1230 4097 1346 4150 oblatum
1366 4094 1467 4150 tuisse?
1564 4145 1565 4158 ,

305 4182 523 4250 quemadmodum
534 4182 706 4245 Levitxxur,
719 4181 742 4236 2,
754 4182 916 4252 praecipitur,
935 4188 1041 4244 metm
1060 4189 1207 4246 mm,
1225 4179 1274 4235 hoo
1289 4187 1331 4234 est
1346 4180 1467 4252 sequenti
1490 4231 1497 4244 ,

305 4271 365 4337 post
375 4266 512 4320 sabbatum
523 4269 589 4332 (sivo
600 4268 708 4332 testum,
719 4267 745 4320 id
757 4273 797 4320 est
807 4269 964 4336 Azymorum
975 4269 1098 4338 primuml
1111 4268 1164 4332 die,
1177 4270 1206 4338 τῇ·
1218 4264 1332 4338 ἐπαύριον
1344 4269 1386 4334 τῆς
1399 4265 1468 4336 sepel-

305 4367 361 4420 της,
374 4356 403 4403 ut
414 4358 481 4404 reete
493 4371 553 4406 ιιι.
566 4353 737 4407 reddiderunt.
757 4353 794 4406 Ab
806 4351 854 4406 hoo
864 4369 924 4406 vero
936 4354 990 4418 die,
1002 4351 1051 4406 hoe
1062 4357 1103 4406 est
1114 4369 1130 4406 s
1141 4369 1169 4406 rr.
1181 4353 1352 4422 reymerum,
1363 4369 1411 4408 vn.
1423 4351 1467 4404 lie·
1564 4415 1565 4418 γ

306 4435 447 4490 bdomadss
463 4439 645 4504 numerata-nu
663 4439 758 4510 quibus
775 4439 885 4492 evolutis
901 4439 1116 4510 quinquagesimo
1134 4438 1295 4492 demumdie
1313 4455 1366 4491 non
1383 4437 1466 4508 spiou
1564 4503 1565 4512 γ

305 4527 353 4576 aut
362 4521 523 4594 msnipulos,
539 4523 585 4576 sed
599 4523 744 4594 primitivos
759 4539 840 4596 panes
852 4523 1007 4591 offerebant,
1024 4537 1136 4595 eumque
1153 4529 1260 4591 ΜΠ,
1275 4521 1326 4580 hoo
1339 4528 1382 4580 eet
1395 4523 1466 4580 elau·
