3104 5038
294 315 498 374 ccnmvm

294 473 376 527 oisnis
386 473 447 528 iude
458 471 581 541 digressis
591 471 660 524 lecte
671 475 710 524 est
721 468 882 525 Antiocbeus
892 467 990 532 τἰιίεσις.
1024 469 1109 535 Quem
1120 469 1244 541 postridie
1254 470 1283 524 iu
1294 468 1451 526 summ

294 559 405 612 ecclesis
417 558 527 612 occlusis
538 557 638 610 loribus
649 557 838 626 subscriptione
850 572 899 610 sus
915 557 1124 626 comprobetunt
1159 555 1286 625 Sequenti
1300 556 1372 620 lnce,
1389 571 1451 626 quse

293 643 388 712 synodi
403 644 481 696 tertis
497 643 559 708 luit,
581 659 641 694 cum
657 643 711 696 ism
727 641 841 696 Eubius
858 647 884 696 et
900 640 1068 694 ldncsdonius
1085 641 1252 706 mtermeent,
1269 641 1381 694 Δοισὶοσ
1397 657 1452 694 oum

293 728 383 782 Leone
393 730 528 798 ingressus
537 728 649 798 primum
659 727 778 792 obtinuit,
790 733 820 780 ut
830 727 869 780 illi
879 727 930 798 ipsi
940 726 986 797 qui
998 726 1114 780 sccuseti
1124 731 1200 780 ment
1208 727 1242 780 eb
1255 743 1286 782 eo
1298 732 1375 780 coetu
1385 741 1452 780 essu·

294 819 467 868 morerentur.
501 813 598 866 Deinde
615 829 711 866 norem
726 812 788 866 fidei
804 812 943 866 lormnlssn
958 827 1005 882 per
1016 811 1130 866 Leonem
1141 812 1288 883 proposuit,
1305 827 1385 884 quem
1396 811 1452 881 lipi-

293 898 405 969 pbnnius
417 899 515 953 recitet
549 897 601 951 Sed
612 898 814 952 recismsutibns
825 898 935 952 caeteris
946 914 1006 950 cnm
1017 897 1105 952 nullus
1117 897 1313 952 mutentiounm
1324 913 1355 950 ec
1366 896 1452 950 druul-

294 989 378 1036 tstnm
390 985 476 1037 exitus
488 989 569 1048 esset,
587 983 688 1036 Leonas
706 983 739 1036 sd
754 984 894 1036 concilium
904 983 987 1036 redire
998 983 1094 1047 noluit,
1112 987 1142 1036 nt
1152 999 1200 1036 nec
1211 982 1348 1047 Armini,
1366 981 1410 1052 qul
1420 981 1451 1035 ob

294 1069 484 1123 contumaciam
500 1085 516 1122 n
532 1067 701 1122 Semierisnis
718 1068 830 1139 depositi
843 1076 913 1122 snut.
936 1069 970 1122 st
980 1067 1019 1122 illi
1030 1061 1283 1138 Constentinupelim
1293 1067 1328 1122 ed
1338 1068 1451 1137 imperet

292 1154 414 1224 proiecti,
430 1153 498 1208 hunc
516 1153 640 1207 sdrersns
653 1153 793 1218 Basilium,
812 1152 954 1224 Georgium
974 1153 1151 1208 Lecdicenum
1170 1153 1349 1224 reliquumque
1364 1151 1451 1206 neno

293 1255 354 1292 nem
365 1240 490 1294 melorum
501 1240 528 1292 iu
540 1239 647 1292 modum
659 1240 828 1292 conciterunt
851 1237 929 1292 Plurs
939 1239 971 1292 de
982 1237 1022 1292 bls
1034 1238 1163 1294 Secretes.

361 1324 413 1394 Πρὸ
426 1324 496 1376 πέντε
507 1323 642 1376 Καλανδῶν
655 1319 740 1391 iseo]
761 1323 825 1378 Post
835 1319 902 1376 ὀκτὼ
913 1323 1163 1394 interpungendum,
1174 1328 1205 1378 nt
1215 1323 1250 1378 sit
1260 1323 1450 1378 dimidietsrox

293 1427 340 1482 pro
352 1407 520 1480 Ὀκτωβρίων.

360 1494 449 1556 Καθὼς
461 1494 501 1546 καί
514 1494 527 1547 d
540 1493 734 1565 legisperitos]
760 1495 837 1565 Apud
847 1495 982 1550 Socratem
994 1510 1051 1564 cep.
1061 1513 1133 1550 xm.
1144 1493 1246 1550 Leones
1257 1493 1351 1548 dicitur
1362 1487 1393 1554 τίς
1403 1495 1449 1546 τῶν

209 1622 214 1635 .
262 1623 268 1637 .
295 1578 319 1634 is
332 1579 466 1650 βασιλικοῖς
477 1577 597 1650 ἐπιφανῶν,
609 1579 743 1634 bonfinius
752 1596 813 1634 vero
822 1582 872 1632 τῶν
884 1579 947 1632 κατὰ
957 1579 1001 1646 τὴν
1010 1577 1131 1650 Ἰσσωρίαν
1143 1582 1300 1650 στρατιωτῶν
1311 1577 1449 1651 ἡγούμενος,

292 1665 453 1720 Theodoreto
467 1661 480 1718 ὃ
492 1667 542 1718 τῶν
554 1667 711 1736 στρατιωτῶν
723 1669 767 1718 τοῦ
779 1661 861 1726 ἔθνους
873 1663 981 1736 ἡγεμών.
1015 1664 1086 1729 Quos
1103 1681 1164 1720 unm
1176 1661 1367 1736 λαμπροτάτους
1376 1679 1450 1734 spuo·

293 1751 341 1805 dus
359 1753 484 1822 appellet,
502 1753 658 1804 clarissimos
673 1751 836 1821 interpretari
852 1751 934 1804 malni
945 1766 1036 1820 quem,
1055 1755 1084 1803 ut
1095 1749 1246 1814 Cercetius,
1263 1751 1449 1804 illustrissimos.

292 1836 359 1890 Nem
371 1843 401 1890 nt
412 1837 443 1890 de
454 1836 543 1890 Leone
554 1843 668 1901 mem,
685 1835 717 1890 de
733 1851 785 1906 quo
802 1834 867 1890 nihil
883 1837 1011 1906 comperi,
1028 1835 1162 1890 Lenrioins
1173 1845 1243 1890 certe
1254 1831 1336 1897 ίίνθῑκ
1346 1831 1450 1905 ἧτψῶν,

294 1921 342 1976 boc
354 1929 393 1976 est
404 1922 518 1976 brumes
529 1937 633 1992 presses
644 1921 706 1986 luit,
723 1937 801 1991 quem
812 1938 845 1976 ue
856 1921 1031 1978 clerissinrum
1043 1920 1147 1991 quidem
1157 1920 1252 1987 inisse,
1266 1918 1313 1975 sed
1323 1919 1450 1990 perlectis

292 2009 388 2062 simum
399 2007 485 2078 potins
498 2006 584 2060 Guide
593 2005 746 2060 Pencirolns
756 2005 869 2060 Notitiae
880 2023 936 2078 csp.
947 2023 1008 2062 cxv.
1021 2011 1102 2077 putet.

360 2091 392 2148 N.
406 2110 477 2146 xxvi.
500 2090 657 2162 Ὗπέγροιψαν
670 2089 693 2144 οί
704 2093 842 2162 reperere]
877 2092 942 2146 Tan
956 2089 1006 2146 hoo
1018 2107 1035 2146 e
1045 2108 1106 2146 vero
1118 2091 1233 2146 mesum
1243 2096 1285 2146 ssi
1295 2106 1375 2162 quem
1385 2089 1451 2160 qnod

293 2178 416 2232 maximo.
439 2176 579 2248 Nunquam
590 2175 703 2230 Basilius
715 2183 761 2230 sut
771 2177 875 2232 Murcus
886 2177 1032 2232 Acecieuse
1047 2177 1091 2230 isti
1101 2176 1230 2232 romulos
1245 2176 1409 2248 subscripsit,
1424 2181 1451 2232 ul

293 2281 342 2316 nee
354 2262 500 2318 Occidentis
512 2262 639 2332 episcopi,
655 2262 700 2332 qui
712 2263 834 2328 Arimini,
849 2279 902 2318 non
914 2261 1047 2316 Sslsuoies
1058 2267 1243 2319 subvenerunt.
1267 2261 1367 2317 Deinde
1378 2277 1451 2332 quor·

292 2365 353 2402 snm
364 2349 404 2402 bis
418 2347 525 2417 Georgii
536 2363 567 2400 ec
577 2345 708 2400 Peucretii
717 2348 827 2418 repetite
837 2348 1010 2418 subscriptio?
1033 2348 1113 2418 Atqui
1128 2363 1181 2404 neu
1194 2348 1270 2402 ubter
1280 2345 1452 2420 lipipbsuium

293 2434 428 2506 scripsisse
440 2439 486 2486 sut
498 2433 612 2486 sensisse
623 2448 730 2488 necesse
741 2438 781 2486 est
792 2449 872 2503 quum
883 2439 913 2488 ut
923 2433 1079 2504 professioni
1089 2433 1128 2488 illi
1138 2431 1264 2498 Besilus,
1279 2433 1385 2488 blesum
1399 2432 1452 2488 elii·

293 2536 344 2591 que
356 2518 563 2588 subscripserint
597 2515 665 2572 Nem
682 2518 709 2570 iu
722 2517 775 2572 line
786 2519 1006 2589 subscriptionum
1017 2519 1153 2590 episcopos
1163 2521 1285 2574 numeret
1295 2535 1380 2584 xum,
1390 2523 1453 2588 quot

292 2621 382 2658 revers
399 2610 472 2669 sunt,
489 2604 513 2656 si
529 2601 670 2671 Besilium,
686 2603 805 2657 Murcum
821 2604 987 2674 reliquosque
998 2603 1201 2674 complectimur.
1234 2602 1358 2658 Soanos
1367 2608 1453 2658 estem

292 2707 349 2762 esp.
359 2708 432 2744 ms.
443 2706 496 2744 non
511 2689 599 2762 plures
616 2703 695 2759 quem
710 2706 774 2745 xxx.
787 2705 848 2744 cunr
857 2689 966 2754 buseio,
984 2687 1098 2760 Georgio
1109 2687 1298 2753 Alexsndriuo,
1315 2687 1413 2744 lisseio
1427 2691 1453 2740 et

292 2775 410 2830 Eudoxio
422 2774 585 2844 conspirasse
596 2774 623 2826 iu
635 2789 694 2828 esm
701 2774 841 2828 formulam
852 2775 938 2840 relect,
950 2781 980 2828 ut
989 2774 1016 2828 iu
1028 2779 1112 2828 tetum
1123 2774 1177 2830 siunt
1186 2791 1278 2830 mur.
1292 2772 1367 2830 sets
1375 2773 1452 2844 igitur

293 2859 465 2916 constetisse
476 2864 616 2930 postrenus,
628 2855 692 2929 ὁμοῦ
704 2856 833 2916 ἐπίσκοποι
844 2860 897 2930 pf,
908 2858 1048 2932 Epipbeuil
1057 2877 1112 2914 non
1122 2875 1188 2923 esse,
1199 2859 1224 2914 si
1233 2857 1304 2914 buno
1315 2860 1351 2914 eb
1362 2857 1451 2915 morie

291 2947 369 3016 culpe
379 2947 488 3000 liberere
500 2945 623 3008 velimus,
640 2961 725 3015 neque
736 2961 813 3015 porro
825 2945 924 3016 priores
935 2945 1007 3011 illos,
1024 2945 1165 3010 Bulbum,
1181 2945 1313 3011 Μωοιω,
1331 2945 1451 3016 Enteiis·

292 3049 356 3086 nem
368 3037 394 3086 et
404 3029 576 3086 occidentales
588 3031 723 3100 episcopos
735 3031 892 3086 Aceeisnem
904 3027 995 3086 ίνιθιοιν
1007 3031 1174 3104 spprubeeee.
1210 3028 1296 3094 Quem
1307 3035 1355 3086 eet
1365 3045 1452 3086 suren

291 3116 437 3169 inducenda
448 3116 567 3180 nominc,
586 3121 632 3167 sul
645 3116 682 3168 ite
692 3115 832 3186 legendnm
845 3121 896 3168 est:
915 3114 1073 3186 γνωρίζουσιν
1086 3113 1109 3168 οί
1119 3112 1307 3186 ἐντυγχάνοντος
1318 3119 1357 3186 τῷ
1368 3115 1450 3182 πίονι,

292 3195 307 3272 ᾖ
320 3199 461 3270 ὑπίγραψαν
474 3197 497 3252 ol
508 3200 639 3269 παρόντες,
651 3199 776 3262 Basilisses
787 3207 845 3264 eiu,
858 3201 898 3253 eol
910 3199 933 3254 οί
945 3199 1055 3254 πλίῖστοι
1067 3198 1195 3256 ἐπίσκοποι
1207 3203 1249 3268 τῆς
1261 3199 1365 3262 δύσεως.
1388 3201 1451 3256 Tun

292 3285 412 3356 Γιώργιος
425 3283 556 3347 irrisiones
567 3291 617 3340 etc.
639 3284 779 3342 Affirmant
795 3287 866 3340 euim
876 3286 997 3342 embol
1012 3286 1110 3340 stlitem
1124 3301 1180 3342 sse
1191 3285 1252 3340 fidei
1263 3286 1453 3342 coniminum

292 3387 352 3425 cum
364 3387 394 3423 on
405 3371 550 3424 consentire
562 3371 688 3436 formnle,
699 3372 727 3426 in
739 3387 818 3441 quem
829 3371 918 3426 Sirmii
928 3387 989 3426 cum
997 3371 1118 3438 lleleute,
1130 3370 1237 3426 Ursecio
1249 3377 1277 3424 et
1285 3370 1452 3428 occiduunt·

293 3457 341 3510 bns
353 3471 495 3510 convenere
506 3455 633 3520 besilius,
649 3457 766 3523 lisrcus,
784 3457 913 3528 Georgius
931 3457 1040 3527 sliique,
1058 3473 1124 3528 qnos
1137 3456 1285 3512 Germlnius
1296 3457 1326 3512 in
1337 3457 1451 3529 epistole,

291 3557 359 3612 quse
375 3541 442 3596 inter
458 3541 550 3596 Hilsrii
563 3542 712 3612 fragmento
725 3543 859 3612 reperitur,
876 3547 1023 3608 enumeret,
1038 3557 1132 3614 nempe
1148 3541 1291 3614 Georgium
1301 3540 1452 3600 Alandri·

291 3643 367 3691 num,
389 3625 554 3680 Pancratium
574 3627 740 3690 Pousinon,
760 3627 887 3684 Besilium
905 3629 1085 3697 Anemum,
1103 3627 1251 3694 Veientem,
1272 3626 1410 3684 Ursseiens
1426 3631 1453 3678 el

290 3713 416 3768 Murcum.
450 3711 619 3768 Restitusnds
630 3713 701 3767 enim
711 3712 839 3766 Psuorutii
850 3730 903 3768 vox
915 3713 994 3766 estin
1007 3712 1133 3770 (dominii
1144 3713 1266 3784 epistole,
1283 3713 1332 3768 ubi
1345 3713 1383 3768 its
1393 3711 1453 3767 seri-

291 3805 365 3870 ptum
382 3803 433 3850 ests
451 3807 476 3850 et
491 3798 599 3866 Georqio
616 3803 734 3869 episcopo
745 3799 980 3854 Alexandrinorum
993 3800 1117 3854 ecclesius
1129 3801 1141 3828 *
1155 3801 1167 3828 ‘
1179 3799 1365 3855 Pessum
1397 3796 1452 3852 mo

290 3900 351 3938 uero
361 3882 417 3936 fieri
428 3888 515 3952 potest
525 3889 555 3938 nt
562 3883 702 3954 Hypstisni
713 3899 817 3954 quoque
827 3901 924 3938 nomeu
936 3899 952 3937 s
962 3882 1095 3940 oomnis
1106 3888 1341 3938 commemoratum
1352 3881 1452 3944 excide:

290 3970 331 4024 rit.
354 3967 421 4022 Nem
432 3967 592 4039 Epiphanius
604 3970 631 4022 in
642 3969 712 4022 eelce
724 3985 796 4024 uum.
806 3985 871 4024 xsss.
887 3969 954 4022 inter
970 3985 1030 4034 ecs,
1045 3969 1091 4040 qui
1105 3967 1242 4024 Sirmieml
1253 3967 1383 4024 tumme·
1392 3966 1452 4024 eeb-

290 4055 459 4125 eoripeernnt‚
476 4053 583 4108 elisisse
594 4060 683 4108 umet
694 4069 753 4108 cum
765 4055 871 4108 cessus
883 4054 1070 4124 Hyputienum,
1085 4053 1131 4123 qui
1141 4053 1282 4108 Herecleee
1292 4053 1345 4108 init
1352 4053 1452 4124 episco-

290 4155 352 4208 pus,
364 4147 394 4194 ut
404 4140 441 4192 sit
453 4138 555 4194 Susum.
567 4139 612 4194 lib.
622 4157 656 4192 vu.
669 4155 726 4209 esp.
736 4157 781 4194 vn.
800 4138 851 4192 Ubi
862 4139 945 4192 obiter
956 4139 1133 4194 emendendue
1144 4145 1196 4203 est,
1211 4137 1274 4194 dum
1284 4139 1323 4192 eit
1332 4135 1452 4194 Μυσαίο-

289 4224 395 4288 menos,
410 4225 455 4294 qui
465 4231 558 4294 postes
567 4223 705 4294 Lampssci
716 4229 904 4288 convenerunt,
916 4225 1098 4278 Valentinisue
1109 4230 1136 4278 et
1144 4224 1252 4280 Veiente
1264 4222 1453 4294 impermotus

290 4308 371 4362 luisse
387 4307 520 4378 δμοουσίου
536 4314 753 4380 propugnatores.
782 4309 935 4379 Legendnm
951 4314 992 4364 est
1007 4309 1078 4364 enim
1095 4306 1150 4362 icor
1166 4306 1239 4360 ἄλλοι
1256 4305 1396 4378 iporeium
1410 4311 1452 4376 τῷ

291 4392 364 4464 πατρὶ
376 4393 418 4445 τον
430 4393 481 4446 iubs
493 4394 571 4465 λίγειν
582 4391 672 4459 ἠξίουν.
695 4393 741 4448 Est
750 4395 822 4448 euim
833 4411 885 4448 nun
897 4393 1036 4450 sozomeni
1048 4409 1126 4459 error,
1137 4393 1184 4448 sed
1193 4393 1301 4450 bbrssi'n

358 4476 491 4538 Εὐστίίιος
502 4477 634 4540 ἐπίσκοπος
646 4477 809 4549 Ἐπιρσινίας.]
833 4479 916 4534 Sosin.
928 4477 1090 4550 Ἐπιφανείας.
1118 4477 1176 4543 Quo
1187 4479 1295 4534 νιοωίοσ
1305 4477 1454 4550 sumplus*
